date,economics,debt,inflation,metals,sell,bonds,risk,car,leverage,color,chance,unemployment,nasdaq,money,society,war,transaction,cash,economy,stocks,forex,finance,fed,growth,culture,banking,markets,marriage,office,stock market,revenue,house,dow jones,portfolio,fond,travel,ore,fine,religion,gains,restaurant,consumption,loss,credit,default,crisis,hedge,headlines,cancer,rich,trader,garden,housing,gain,return,tourism,investment,derivatives,oil,politics,invest,food,crash,returns,greed,movie,health,nyse,rare earths,success,water,short sell,consume,gold,bubble,energy,lifestyle,home,freedom,world,opportunity,happy,dividend,arts,present,labor,environment,buy,financial markets,fun,short selling,earnings,holiday,profit,kitchen,train,ring,conflict,VIX
12/9/2018,26,27,12,12,70,2,0,82,0,28,8,5,2,58,16,45,3,26,7,4,8,51,10,28,29,49,3,13,0,4,3,75,7,2,2,45,5,14,10,2,71,2,13,80,6,12,4,6,77,25,9,51,17,10,23,3,6,1,57,4,2,80,8,5,0,84,15,0,0,1,63,0,1,49,6,3,0,14,1,11,1,33,2,7,8,5,6,69,0,14,0,1,25,3,20,49,22,2,21.629999
12/16/2018,20,23,9,10,73,2,0,76,0,26,7,5,3,55,14,37,2,26,5,5,10,50,16,23,23,46,3,10,0,6,3,77,8,1,2,44,5,13,8,1,71,1,11,78,6,9,4,5,67,24,9,49,15,9,21,3,6,0,55,3,2,74,8,6,0,84,13,0,0,1,57,0,1,41,6,2,0,14,1,10,1,34,1,6,8,4,4,75,0,14,0,1,27,2,20,50,20,1,30.110001
12/23/2018,14,18,7,6,74,1,3,81,0,24,7,4,3,56,11,43,2,26,4,5,9,44,8,18,18,41,3,12,0,6,2,83,10,1,2,44,5,12,8,1,86,1,12,72,5,7,3,5,59,26,9,50,11,8,23,3,4,0,57,2,2,81,8,9,0,100,10,0,0,1,57,0,1,50,6,1,0,16,1,10,1,47,1,5,5,3,3,75,0,14,0,1,40,2,20,53,21,1,28.34
12/30/2018,17,28,8,8,81,2,0,85,0,25,7,6,2,59,13,42,2,26,5,5,9,50,9,23,19,57,3,12,0,5,3,80,8,1,2,50,6,15,8,1,89,1,17,87,5,7,4,5,72,27,10,55,15,10,25,3,5,0,56,2,2,81,8,8,0,92,14,0,0,1,63,0,1,48,6,2,0,16,1,11,1,99,1,6,4,4,4,67,0,14,0,1,27,2,22,50,23,1,21.379999
1/6/2019,24,30,9,10,77,2,0,87,0,26,7,7,3,62,16,42,3,26,6,5,11,60,10,27,27,47,3,11,0,4,3,81,7,2,3,54,6,14,9,1,75,2,16,84,6,9,4,6,82,28,10,51,17,10,28,4,6,0,59,3,2,79,9,6,0,84,17,0,0,1,63,0,1,49,6,2,0,16,1,10,1,32,1,8,6,5,5,61,0,15,0,1,19,3,20,47,20,2,18.190001
1/13/2019,26,29,11,11,76,2,0,82,0,27,7,6,2,60,15,41,3,27,6,5,10,60,9,29,26,45,3,11,0,4,4,80,6,2,3,54,6,14,10,2,73,2,15,82,6,10,4,6,68,25,10,51,18,10,26,4,7,0,58,3,2,83,9,6,0,97,17,0,0,1,64,0,1,47,7,3,0,16,1,10,1,33,2,7,6,5,6,57,0,15,0,2,19,3,20,47,18,2,17.799999
1/20/2019,24,28,10,11,74,2,0,87,0,26,7,6,2,60,16,39,3,24,6,4,9,56,9,28,26,43,3,11,93,3,3,79,5,2,2,50,6,13,9,2,71,2,15,76,6,10,4,6,76,25,9,50,17,9,26,4,6,0,53,3,2,74,8,5,0,73,16,0,0,1,64,0,1,45,6,2,0,14,1,10,1,31,1,7,6,5,6,58,0,14,0,2,16,2,20,0,18,2,17.42
1/27/2019,25,29,10,12,76,2,0,84,0,25,7,6,2,59,16,39,3,25,6,5,10,57,10,29,25,50,3,13,0,3,4,72,6,2,2,54,6,13,9,2,69,2,14,83,6,10,4,5,77,23,9,48,18,10,27,4,6,0,56,3,2,79,8,5,0,77,16,0,0,1,70,0,1,43,6,2,0,14,1,10,1,30,2,8,6,5,6,57,0,14,0,2,16,3,19,0,17,2,16.139999
2/3/2019,23,29,10,13,75,2,0,86,0,27,7,6,2,53,17,40,3,24,7,5,10,58,12,29,27,49,3,12,0,3,4,79,5,2,3,49,6,14,10,2,72,2,15,87,6,10,4,6,83,25,10,49,17,10,28,4,7,0,56,3,2,84,9,4,0,75,17,0,0,1,64,0,1,46,6,3,0,16,1,10,2,39,2,7,6,5,6,58,0,15,0,2,14,3,20,0,18,2,15.72
2/10/2019,26,30,11,12,77,2,5,84,0,25,8,6,2,59,17,41,3,26,7,5,10,57,13,29,27,44,3,13,0,3,4,72,5,2,3,51,6,14,9,2,88,2,14,83,6,11,4,6,86,24,9,53,17,10,28,4,7,1,54,3,2,80,8,5,0,74,17,0,0,1,65,0,1,46,6,3,0,14,1,11,3,57,2,7,6,5,6,58,0,14,0,2,17,3,21,49,19,2,14.91
2/17/2019,23,28,10,12,82,2,0,87,0,26,7,5,2,59,15,41,3,25,7,5,11,63,10,28,27,45,3,13,0,3,4,73,4,2,2,50,5,13,10,2,76,2,15,82,6,11,4,6,78,24,10,58,18,10,30,4,6,0,55,3,2,80,8,4,0,76,17,0,0,1,63,0,1,47,6,3,0,14,1,12,2,33,2,7,6,5,6,55,0,15,0,1,18,3,20,54,18,2,13.51
2/24/2019,24,29,11,11,76,2,4,85,0,26,7,5,2,59,16,43,3,25,7,5,10,59,8,29,28,54,3,12,0,3,4,74,5,2,2,48,5,13,10,2,77,2,14,84,6,11,4,9,75,24,9,54,17,10,27,4,7,0,58,3,2,84,10,4,0,70,18,0,0,1,67,0,1,45,6,2,0,14,1,11,2,30,2,7,6,5,6,58,0,15,0,2,15,3,19,49,17,2,13.57
3/3/2019,25,31,11,12,78,2,5,89,0,29,8,5,2,59,17,42,3,23,7,5,11,63,9,29,28,52,3,12,0,3,4,74,5,2,2,49,6,14,10,2,77,2,14,83,6,11,4,6,96,24,10,56,19,10,27,4,7,0,58,3,2,81,8,4,0,77,18,0,0,2,68,0,1,47,6,3,0,15,1,11,2,37,2,7,6,5,5,60,0,16,0,1,16,3,20,0,18,2,16.049999
3/10/2019,24,31,11,12,78,2,0,85,0,28,8,5,2,57,17,42,3,25,7,5,10,58,9,30,30,47,3,11,0,3,4,83,5,2,3,50,6,14,11,2,86,2,15,84,6,11,4,7,87,24,9,54,18,11,27,4,7,0,58,3,2,76,22,4,0,71,16,0,0,1,67,0,1,49,7,3,0,14,1,11,1,30,2,7,6,5,6,59,0,16,0,1,16,3,21,0,19,2,12.88
3/17/2019,25,29,11,11,81,2,5,93,0,29,8,5,2,59,18,43,3,27,7,5,12,58,11,31,30,46,3,11,94,3,4,80,5,2,3,54,6,14,11,2,81,2,15,80,7,12,5,7,87,24,9,62,18,11,27,4,7,0,60,4,2,86,10,4,0,77,18,0,0,1,74,0,1,47,7,3,0,15,1,12,1,40,2,8,6,6,5,60,0,15,0,1,18,3,20,47,19,2,16.48
3/24/2019,25,28,13,11,82,2,5,88,0,28,7,5,2,57,16,42,3,26,7,5,11,58,9,30,29,48,3,11,0,3,4,79,5,2,2,49,6,13,10,2,77,2,14,92,6,12,5,6,79,23,10,68,19,10,25,4,7,0,59,4,2,83,9,4,0,77,18,0,0,2,67,0,1,44,6,3,0,15,1,10,1,31,2,7,6,5,5,61,0,15,0,1,16,3,23,50,16,2,13.71
3/31/2019,22,28,11,11,79,2,0,91,0,28,8,5,2,58,17,46,3,26,6,4,11,59,9,28,28,49,3,10,95,3,4,76,5,2,2,52,6,14,10,2,72,2,14,92,6,12,5,5,83,23,10,63,18,10,26,4,7,0,59,3,2,81,9,4,0,73,16,0,0,2,66,0,1,46,6,3,0,15,1,11,1,32,2,7,6,5,6,64,0,16,0,1,18,3,19,0,16,2,12.82
4/7/2019,24,27,10,11,76,2,0,87,0,27,7,5,2,57,16,44,3,24,7,4,11,55,9,29,28,44,3,10,0,3,4,77,4,2,2,49,5,13,9,2,78,2,15,86,6,12,5,5,80,22,9,64,17,10,26,4,7,0,59,3,2,86,8,4,0,69,16,0,0,1,66,0,1,45,6,3,0,15,1,10,1,29,2,7,6,5,5,55,0,14,0,1,17,3,18,46,17,2,12.01
4/14/2019,20,26,10,10,77,2,5,84,0,27,7,5,2,57,15,50,2,25,6,4,11,52,11,28,26,36,3,10,0,3,4,81,4,2,2,49,5,13,11,2,80,2,14,81,6,10,5,5,72,25,9,73,16,10,25,4,7,0,59,3,2,84,9,4,0,77,16,0,0,1,71,0,1,44,6,2,0,15,1,12,1,34,2,7,5,5,5,62,0,16,0,2,22,3,19,48,17,2,12.09
4/21/2019,21,28,11,11,80,2,5,89,0,28,7,5,2,56,16,59,3,25,6,4,11,55,14,29,27,43,3,11,0,3,3,82,4,2,2,50,5,13,13,2,75,2,15,83,6,11,5,6,78,25,10,73,17,9,24,4,7,0,58,3,2,80,9,4,0,77,16,0,0,1,69,0,1,48,7,2,0,15,1,12,1,37,2,7,6,6,6,59,0,16,0,2,20,3,19,47,17,2,12.73
4/28/2019,23,27,12,11,76,2,0,85,0,26,7,5,2,56,15,56,3,24,6,4,11,54,9,28,26,41,3,10,0,3,4,78,4,2,2,50,5,13,10,1,77,2,14,86,5,12,5,5,76,23,8,66,18,9,22,4,7,0,55,3,2,81,8,3,0,77,15,0,0,1,71,0,1,43,6,2,0,16,1,10,1,32,2,7,5,7,5,56,0,14,0,2,20,3,18,0,16,2,12.87
5/5/2019,23,26,12,11,76,2,0,82,0,27,7,4,3,50,17,52,3,25,7,5,11,54,8,28,28,38,3,11,0,4,3,72,6,2,2,47,5,13,10,2,81,2,13,91,5,11,5,6,74,21,9,66,17,10,21,4,7,0,55,3,2,82,9,3,0,71,15,0,0,1,68,0,1,45,6,3,0,15,1,10,1,34,2,7,6,6,5,59,0,15,0,1,19,3,18,49,17,2,16.040001
5/12/2019,23,27,10,11,73,2,5,85,0,27,7,4,3,51,23,46,3,24,6,4,13,64,8,27,26,38,3,10,0,4,3,74,7,2,2,50,5,14,10,1,79,2,13,81,6,11,5,5,77,21,9,68,17,9,21,4,6,0,55,3,2,80,9,3,0,72,16,0,0,1,66,0,1,43,6,2,0,15,1,11,1,43,2,8,5,6,6,54,0,15,0,1,17,3,18,0,17,2,15.96
5/19/2019,23,26,10,10,73,2,4,90,0,29,7,4,2,63,22,47,3,27,7,4,14,53,8,26,26,36,3,11,91,3,3,71,5,2,2,51,5,14,10,1,80,2,14,84,6,11,5,6,78,21,9,74,17,9,21,4,6,0,55,4,2,80,8,3,0,70,15,0,0,1,74,0,1,42,6,3,0,15,1,14,1,30,2,11,6,6,6,57,0,15,0,1,20,2,18,0,16,2,15.85
5/26/2019,20,24,9,10,78,2,0,99,0,27,7,4,2,57,19,42,3,26,6,4,12,58,7,27,25,43,3,10,0,3,3,80,5,2,2,51,6,14,10,1,79,2,15,83,6,11,5,5,73,24,10,72,18,9,23,4,6,0,58,3,2,86,8,3,0,76,15,0,0,1,77,0,1,45,6,2,0,16,1,18,1,30,2,8,5,5,6,61,0,16,0,1,22,2,19,47,17,2,18.709999
6/2/2019,20,24,8,10,82,2,4,88,0,26,7,4,2,53,18,38,3,27,5,4,11,56,9,26,24,43,3,10,89,3,3,73,5,2,2,50,5,14,9,1,77,2,14,86,5,10,5,5,78,22,9,66,16,9,21,4,7,0,58,3,2,80,9,3,0,72,15,0,0,1,75,0,1,38,6,2,0,15,1,27,1,33,2,7,5,5,8,59,0,17,0,1,19,2,18,0,18,1,16.299999
6/9/2019,21,25,9,11,83,2,0,92,0,27,7,4,2,56,18,34,3,25,5,4,13,58,8,26,23,40,3,11,0,2,3,79,5,2,2,53,6,13,9,2,86,2,14,84,6,13,5,5,80,24,10,66,17,9,22,4,7,0,57,3,2,83,12,4,0,71,16,0,0,1,74,0,1,44,6,2,0,16,1,30,1,32,1,8,5,5,6,61,0,16,0,1,17,3,18,47,19,1,15.28
6/16/2019,21,26,9,11,81,2,0,97,0,26,7,4,2,57,18,36,3,26,5,4,13,60,12,26,23,38,3,12,83,3,3,79,5,2,2,53,6,13,8,1,85,2,14,84,6,10,5,5,84,22,10,65,17,10,22,4,7,0,58,3,2,86,10,3,0,74,15,0,0,1,77,0,1,51,6,2,0,15,1,33,1,39,2,8,5,5,6,59,0,17,0,1,19,2,19,47,18,1,15.4
6/23/2019,19,24,8,10,79,2,0,89,0,23,7,5,2,58,15,32,3,27,5,4,13,54,8,24,24,43,3,10,0,2,3,73,4,2,2,52,5,13,8,1,87,2,12,81,6,10,5,5,78,24,9,67,18,9,21,4,6,0,55,3,2,85,10,3,0,75,17,0,0,1,78,0,1,53,6,2,0,17,1,39,1,28,1,7,5,5,5,58,0,15,0,1,18,2,18,48,17,1,15.08
6/30/2019,19,24,8,9,77,2,0,89,0,25,7,4,2,59,15,33,3,25,5,4,12,56,8,23,22,47,3,10,0,3,3,79,4,2,2,51,6,13,8,1,78,2,13,85,6,9,5,5,75,22,10,54,16,9,24,4,6,0,56,3,2,91,10,3,0,77,14,0,0,1,77,0,1,56,6,2,0,18,1,44,1,37,2,6,5,5,5,67,0,16,0,1,21,2,20,0,17,1,13.28
7/7/2019,18,28,9,9,84,2,0,98,0,26,7,5,2,59,17,31,3,27,5,4,12,58,10,25,23,42,3,12,0,3,3,76,5,2,2,55,6,12,8,2,83,2,14,84,6,9,6,5,78,24,9,64,18,10,27,4,7,0,56,3,2,86,9,4,0,72,15,0,0,1,80,0,1,55,6,2,0,18,1,33,1,28,2,7,4,6,5,57,0,15,0,1,19,3,19,0,18,1,12.39
7/14/2019,18,28,8,9,77,2,0,100,0,26,8,5,2,61,16,32,3,27,5,4,12,59,9,25,23,40,3,12,90,2,3,82,4,2,2,51,6,13,8,2,86,2,13,87,6,10,5,5,71,24,9,62,18,10,25,4,7,0,59,3,2,85,9,4,0,76,17,0,0,1,81,0,1,48,6,3,0,17,1,18,1,31,2,7,5,6,5,65,0,15,0,2,20,2,20,47,21,1,14.45
7/21/2019,17,29,9,9,81,2,4,97,0,26,11,4,2,63,16,30,3,28,6,4,11,62,9,24,22,40,3,9,0,2,3,89,4,2,2,51,5,13,8,1,94,2,14,85,5,9,5,5,76,22,10,70,18,10,24,4,6,0,61,3,2,82,8,4,0,78,15,0,0,1,80,0,1,43,6,2,0,16,1,12,1,28,2,7,4,6,5,58,0,15,0,2,18,3,20,48,18,1,12.16
7/28/2019,20,29,9,10,88,2,0,95,0,26,11,5,2,66,16,32,3,29,6,4,12,62,16,26,23,47,3,9,0,3,3,86,5,2,2,54,5,14,8,2,92,2,14,97,6,9,5,5,78,25,11,67,19,10,24,4,7,0,59,3,2,87,9,4,0,75,16,0,0,1,80,0,1,51,6,2,0,17,1,12,1,33,2,7,4,7,5,63,0,16,0,2,22,2,21,0,18,1,17.610001
8/4/2019,18,27,8,10,82,2,4,93,0,25,8,5,3,61,15,31,2,27,6,4,12,72,9,24,22,44,3,9,0,4,3,83,8,2,2,55,5,13,8,1,93,1,14,90,5,9,5,6,75,25,10,63,18,9,20,4,7,0,58,3,2,85,8,3,0,76,15,0,0,1,75,0,1,53,6,2,0,15,1,11,1,37,2,7,5,7,5,57,0,15,0,2,23,2,20,0,17,1,17.969999
8/11/2019,20,27,9,10,82,2,4,87,0,24,8,4,3,62,16,34,3,28,6,5,12,70,9,25,22,39,4,9,0,5,3,83,9,2,2,53,5,13,9,1,87,2,14,84,6,10,5,6,76,25,10,62,17,10,24,4,7,0,56,3,2,86,10,3,0,78,16,0,0,1,76,0,1,57,6,2,0,16,1,11,1,38,2,7,5,8,5,63,0,16,0,1,22,3,22,51,18,1,18.469999
8/18/2019,23,29,8,10,80,2,0,100,0,27,8,4,2,60,16,33,3,26,7,4,12,70,11,27,24,37,3,10,0,4,3,85,7,2,2,52,6,13,9,2,84,2,13,83,6,10,5,5,80,22,11,59,18,9,22,4,7,0,57,3,2,85,8,3,0,71,16,0,0,1,72,0,1,52,6,2,0,15,1,11,1,31,2,7,5,11,6,62,0,14,0,1,20,3,20,46,16,2,19.870001
8/25/2019,24,28,8,12,78,2,0,92,0,27,8,4,2,62,16,33,3,27,7,4,11,67,9,28,27,38,3,9,0,4,3,79,7,2,2,52,6,14,9,2,81,2,13,85,6,10,5,5,77,22,10,60,18,10,26,4,6,0,55,3,2,78,10,3,0,66,17,0,0,1,70,0,1,56,6,2,0,15,1,11,1,30,2,7,6,19,6,60,0,14,0,1,23,3,20,0,18,2,18.98
9/1/2019,25,26,9,12,78,2,0,94,0,27,7,4,2,60,17,38,3,28,8,4,11,63,8,28,28,41,3,9,0,3,3,79,6,2,2,52,6,15,10,1,82,2,13,85,6,10,5,6,72,22,11,63,16,9,22,4,7,0,55,3,2,74,12,3,0,72,17,0,0,1,70,0,1,56,6,3,0,16,1,12,1,35,2,7,6,27,6,63,0,14,0,1,19,3,20,43,18,2,15
9/8/2019,25,27,10,12,78,2,0,86,0,28,7,4,2,67,18,38,3,27,8,4,11,65,9,30,30,38,3,9,91,3,3,88,5,2,2,52,6,14,10,2,77,2,13,87,6,10,5,5,79,23,10,54,17,9,23,4,7,0,49,3,2,84,9,3,0,67,18,0,0,1,67,0,1,57,6,3,0,15,1,12,2,31,2,7,6,6,7,60,0,14,0,1,17,3,18,45,18,2,13.74
9/15/2019,26,29,11,14,81,2,0,90,0,31,8,4,2,62,17,37,3,30,7,4,11,63,15,30,33,37,3,9,89,3,3,74,5,2,2,52,6,14,11,2,79,2,14,79,7,9,5,5,86,21,11,53,18,10,22,4,7,1,66,3,2,89,8,4,0,74,17,0,0,1,67,0,1,61,6,3,0,15,1,12,1,31,2,7,7,5,6,61,0,16,0,1,17,3,20,0,18,2,15.32
9/22/2019,24,25,9,13,76,2,5,81,0,24,7,4,2,56,16,36,3,27,7,4,10,59,8,28,29,35,3,9,92,3,3,78,4,2,2,47,5,14,10,1,74,2,13,76,6,11,5,5,75,20,9,51,15,9,25,4,7,0,51,4,2,78,7,3,0,64,17,0,0,1,65,0,1,49,6,2,0,13,1,13,1,31,2,6,7,5,7,56,0,13,0,1,16,3,19,39,16,2,17.219999
9/29/2019,25,29,10,13,81,2,0,90,0,28,7,5,2,58,17,60,3,26,7,4,11,64,9,29,31,43,4,10,0,3,3,76,6,2,2,53,6,14,10,2,78,2,14,94,6,12,5,5,95,22,10,54,18,10,23,4,7,1,53,4,2,86,10,4,0,75,17,0,0,1,66,0,1,56,6,3,0,16,1,13,1,30,2,7,7,6,6,56,0,15,0,1,18,3,17,45,18,2,17.040001
10/6/2019,23,30,10,13,75,2,0,86,0,29,9,5,2,60,17,53,3,28,7,4,10,63,9,28,32,39,3,11,0,3,3,83,6,2,2,49,6,13,11,2,80,2,14,92,6,12,4,5,88,22,10,56,17,9,23,4,7,1,54,3,2,80,8,4,0,71,18,0,0,1,67,0,1,49,6,3,0,15,1,13,1,32,2,7,7,5,6,58,0,16,0,1,19,3,19,0,18,2,15.58
10/13/2019,30,28,10,13,77,2,0,81,0,27,8,4,2,55,16,45,3,27,7,4,11,65,8,28,29,35,3,10,0,3,3,79,5,2,2,48,6,15,11,2,79,2,14,82,6,12,4,5,89,22,10,51,16,9,23,4,7,1,56,4,2,81,8,3,0,68,16,0,0,1,66,0,1,47,6,3,0,15,1,14,1,30,2,7,7,5,6,59,0,14,0,2,18,3,19,43,17,2,14.25
10/20/2019,22,26,10,13,77,2,0,81,0,27,8,5,2,55,16,41,3,26,6,4,10,60,8,29,25,37,3,9,87,3,3,78,4,2,2,46,6,13,10,1,73,2,14,77,6,12,4,5,90,22,10,49,15,9,24,3,7,1,53,4,2,82,8,3,0,66,17,0,0,1,59,0,1,52,6,3,0,14,1,14,1,35,2,6,7,5,5,58,0,16,0,2,18,3,19,40,18,2,12.65
10/27/2019,23,26,9,12,74,2,0,73,0,25,8,5,2,51,15,39,2,25,6,4,9,58,11,25,27,37,3,9,0,3,3,79,4,2,2,42,6,13,10,1,76,2,13,82,5,11,4,5,75,20,9,48,16,9,22,4,6,0,51,3,2,79,8,3,0,70,16,0,0,1,61,0,1,47,6,3,0,14,1,17,1,40,2,6,6,5,5,56,0,14,0,2,19,3,18,0,17,2,12.3
11/3/2019,25,28,12,13,76,2,0,85,0,27,8,4,2,58,16,42,3,26,6,5,10,64,10,33,30,39,3,10,0,3,3,73,5,2,2,53,6,14,11,2,77,2,15,95,6,12,4,5,87,22,10,47,16,10,22,4,7,1,54,4,2,84,8,4,0,66,17,0,0,1,67,0,1,49,7,3,0,14,1,12,1,28,2,7,7,5,6,66,0,14,0,2,21,3,20,43,18,2,12.07
11/10/2019,24,29,12,12,80,2,0,82,0,28,8,5,2,57,16,44,3,28,7,5,10,61,13,28,30,36,4,10,0,3,3,77,4,2,2,46,6,13,10,2,77,2,14,84,6,12,4,5,78,21,10,49,16,10,23,4,7,1,56,4,2,86,8,3,0,71,16,0,0,1,66,0,1,52,6,3,0,15,1,11,1,32,2,7,7,5,6,65,0,16,0,1,22,3,20,44,18,2,12.05
11/17/2019,25,27,11,13,77,2,0,80,0,29,9,5,2,61,16,40,3,27,7,4,9,63,8,29,27,34,4,11,0,3,3,75,5,2,2,47,5,14,11,2,75,2,13,82,6,13,4,5,80,21,10,50,16,9,23,4,7,1,57,4,2,77,8,4,0,68,17,0,0,1,64,0,1,50,6,3,0,16,1,10,1,28,2,6,7,5,6,68,0,14,0,1,20,3,20,0,18,2,12.34
11/24/2019,22,24,10,10,77,2,0,82,0,28,8,4,2,57,14,38,3,29,6,4,10,59,7,28,27,40,4,12,0,3,3,74,3,2,2,45,6,13,10,1,75,2,13,82,6,11,4,5,79,22,10,48,14,9,24,4,6,0,52,4,2,79,8,4,0,70,13,0,0,1,59,0,1,53,6,2,0,16,1,10,1,37,2,6,7,4,5,100,0,13,0,1,24,2,21,0,20,2,12.62
12/1/2019,24,28,11,12,79,2,0,81,0,29,9,5,2,58,15,38,3,29,7,4,9,65,9,30,29,45,4,14,88,3,3,77,5,2,2,47,5,13,10,1,80,2,13,82,6,15,4,5,72,21,10,49,16,9,24,4,7,0,53,3,2,84,8,4,0,63,16,0,0,1,61,0,1,51,6,3,0,17,1,11,1,30,2,6,8,5,5,79,0,15,0,1,24,3,21,0,21,2,13.62
12/8/2019,24,28,11,12,78,2,0,80,0,28,8,5,2,57,15,38,3,27,6,4,10,63,11,27,27,35,3,15,0,3,3,71,4,2,2,43,5,14,10,2,72,2,13,82,6,28,4,5,74,21,9,48,15,8,23,4,6,0,48,4,2,80,8,4,0,60,15,0,0,1,60,0,1,51,6,2,0,14,1,11,1,30,2,6,7,5,5,63,0,13,0,1,23,3,18,0,20,2,12.63
12/15/2019,21,25,9,11,83,2,0,82,0,27,8,5,3,58,14,37,3,27,6,4,9,65,9,27,24,38,3,11,0,3,3,77,5,2,3,47,5,14,10,2,75,2,12,81,6,14,4,5,71,22,9,50,15,8,25,4,6,0,51,3,2,76,9,4,0,68,15,0,0,1,62,0,1,52,6,2,0,16,1,11,1,33,2,6,8,5,5,71,0,15,0,1,29,2,20,43,21,2,12.51
12/22/2019,14,20,8,7,86,1,0,85,0,26,8,5,2,57,12,37,2,27,4,4,9,49,7,21,19,34,3,11,0,3,2,80,3,1,3,50,5,15,10,1,89,1,12,77,4,10,3,4,64,23,10,53,12,8,24,4,5,0,53,2,2,92,12,5,0,80,11,0,0,1,58,0,1,53,6,2,0,17,1,10,1,44,2,5,6,3,3,82,0,15,0,1,100,2,20,46,23,1,13.43
12/29/2019,16,25,9,8,88,2,0,89,0,28,8,5,2,63,14,66,3,28,5,5,9,61,7,23,20,39,3,12,0,3,3,81,4,2,3,54,6,15,9,1,90,2,16,86,5,10,4,5,70,24,10,58,16,9,25,4,6,0,59,2,2,90,12,5,0,78,14,0,0,1,64,0,1,58,6,2,0,17,1,14,1,88,2,6,4,4,4,70,0,16,0,1,29,2,22,0,22,1,14.02
1/5/2020,23,29,10,11,81,2,0,85,0,27,7,6,3,64,16,68,3,30,6,6,11,72,8,28,25,39,3,11,0,4,3,81,6,2,3,56,6,14,10,2,74,2,18,91,6,13,4,6,79,22,10,48,17,10,28,4,7,0,59,3,2,87,19,4,0,67,18,0,0,1,68,0,1,60,6,3,0,15,1,13,1,31,2,7,5,5,6,63,0,14,0,1,21,3,21,42,19,2,12.56
1/12/2020,24,29,11,11,85,2,0,82,0,27,7,6,3,61,16,37,3,27,6,6,10,67,8,28,26,34,3,11,99,3,3,78,5,2,3,51,6,14,9,2,75,2,16,80,6,19,4,5,75,22,9,51,18,10,25,4,7,0,62,3,3,84,10,4,0,62,17,0,0,1,67,0,1,55,6,2,0,15,1,10,1,31,2,7,6,5,6,59,0,14,0,1,19,3,20,40,19,2,12.1
1/19/2020,24,31,10,12,81,2,5,90,0,28,7,6,3,66,16,35,3,27,7,5,10,66,8,31,28,36,3,12,100,3,4,80,4,2,3,53,6,13,10,2,80,2,15,79,6,13,4,5,75,22,10,49,17,11,27,4,7,0,53,3,2,83,10,4,0,63,17,0,0,1,65,0,1,54,6,3,0,15,1,11,1,30,2,7,6,5,6,56,0,14,0,2,18,3,20,43,18,2,14.56
1/26/2020,24,32,10,11,79,2,5,82,0,29,7,5,3,62,17,37,3,27,7,6,9,69,9,30,27,40,3,12,0,4,4,70,6,2,3,55,6,14,11,2,74,2,15,81,6,11,4,5,79,22,10,48,18,11,29,4,7,0,55,3,3,82,43,4,0,61,19,0,0,1,63,0,1,49,6,3,0,15,1,11,1,30,2,7,6,5,6,59,0,14,0,3,15,3,20,0,19,2,18.84
2/2/2020,25,31,11,12,86,3,5,88,0,29,8,6,3,64,17,38,3,30,7,7,9,74,11,31,31,39,3,12,94,5,4,77,6,2,3,53,6,14,11,2,76,2,15,85,6,11,4,6,100,22,10,54,19,10,28,5,7,0,54,4,3,82,13,4,0,60,18,0,0,1,60,0,1,50,6,3,0,15,1,11,2,30,2,7,6,5,6,64,0,14,0,2,15,3,20,0,19,2,15.47
2/9/2020,22,29,10,11,75,2,0,79,0,27,7,5,3,57,15,36,3,26,7,5,9,66,9,27,27,36,3,13,83,3,4,74,5,2,2,47,5,12,9,2,87,2,15,80,6,11,4,5,77,20,9,52,16,9,26,4,7,0,47,4,3,74,11,3,0,60,16,0,0,1,61,0,1,47,6,2,0,14,1,11,1,43,2,6,6,5,6,61,0,14,0,2,14,3,19,39,18,2,13.68
2/16/2020,24,30,11,12,81,2,0,85,0,30,8,5,3,60,17,36,3,27,7,6,10,65,8,28,28,33,3,11,0,4,4,80,5,2,3,50,6,14,10,2,80,2,15,86,6,11,5,5,69,21,9,54,18,11,30,4,7,0,52,3,3,92,19,4,1,61,17,0,0,1,62,0,1,53,7,3,0,15,1,10,1,28,2,7,6,5,6,54,0,15,0,2,17,3,21,39,18,2,17.08
2/23/2020,24,31,11,12,86,2,6,83,0,29,8,5,6,69,16,39,3,32,7,9,10,88,9,31,31,38,4,11,0,13,4,76,18,2,3,65,7,14,11,2,74,2,15,87,6,13,5,6,77,23,10,57,18,11,28,4,8,1,56,4,3,85,15,4,1,60,19,0,0,1,64,0,1,61,6,3,0,15,1,11,1,27,2,7,6,5,7,59,0,15,0,1,15,3,20,39,18,2,40.110001
3/1/2020,24,31,11,12,83,2,0,86,0,30,7,5,5,62,17,39,3,28,7,9,10,90,14,31,28,47,4,10,94,11,4,79,19,2,3,70,6,14,10,2,69,2,15,89,6,15,5,6,77,23,11,55,18,11,27,4,8,1,60,4,3,81,13,4,1,59,19,0,0,1,70,0,1,59,7,3,0,15,1,11,1,28,2,7,6,5,6,60,0,15,0,1,15,3,21,0,18,2,41.939999
3/8/2020,24,28,10,11,82,2,7,76,0,25,7,6,7,61,15,37,3,26,8,16,11,100,11,29,26,36,5,8,0,24,4,70,35,2,3,100,8,13,9,2,61,2,13,78,5,16,5,7,69,22,11,50,17,10,23,4,7,0,74,4,3,78,12,3,1,57,22,1,0,1,67,0,1,62,6,2,0,15,1,13,1,38,3,6,6,5,5,62,0,14,0,1,15,3,18,0,16,2,57.830002
3/15/2020,19,29,10,10,78,2,9,65,0,25,7,42,7,69,15,41,2,29,8,20,11,99,18,27,24,35,6,9,0,21,3,66,37,2,3,73,9,14,9,1,44,2,12,87,5,25,5,10,59,23,13,50,16,9,25,3,7,0,61,3,4,83,11,4,0,63,25,1,0,1,66,0,1,79,6,2,0,21,1,13,1,26,3,5,6,5,5,72,0,14,0,1,12,2,16,28,14,1,66.040001
3/22/2020,18,31,11,10,71,2,8,58,0,26,6,71,6,70,14,47,2,28,8,16,10,88,11,28,22,30,5,9,0,14,3,71,26,2,3,40,9,15,9,1,29,2,13,77,5,24,5,10,57,22,12,53,15,8,25,2,6,0,55,3,3,92,10,4,0,74,23,1,0,1,59,0,1,60,6,2,0,22,1,16,1,29,3,5,7,6,5,67,0,13,0,1,8,2,16,0,15,2,65.540001
3/29/2020,19,29,11,11,73,2,0,57,0,28,6,100,4,87,15,50,2,26,8,11,11,86,10,29,25,39,4,8,0,9,4,73,21,2,3,35,8,15,11,1,30,2,13,82,6,22,6,8,57,23,12,64,14,9,25,3,6,0,61,3,3,84,11,4,0,79,23,0,0,1,63,0,1,49,6,3,0,24,1,16,1,28,3,4,7,7,5,70,0,14,0,1,8,3,18,16,16,2,46.799999
4/5/2020,20,30,12,11,81,2,0,62,0,29,8,100,4,98,15,49,3,27,8,12,11,79,11,31,26,36,4,8,0,11,4,73,19,2,3,35,9,19,11,2,32,2,15,88,7,21,7,8,59,26,12,83,15,11,28,3,7,0,67,3,3,87,11,4,0,80,20,0,0,1,74,0,1,49,6,2,0,22,1,18,1,35,3,5,7,7,5,72,0,14,0,2,12,3,20,15,17,2,41.669998
4/12/2020,21,32,12,11,86,2,0,58,0,31,7,99,5,97,14,48,3,28,9,12,11,83,10,30,25,38,4,10,0,8,4,78,16,2,3,33,8,16,12,2,33,2,16,92,6,20,7,6,60,26,13,78,15,11,30,3,7,0,61,3,3,83,10,4,0,74,20,0,0,1,68,0,1,52,6,2,0,23,1,16,1,42,3,5,7,8,5,76,0,14,0,2,11,3,22,14,17,2,38.150002
4/19/2020,22,30,11,12,83,2,5,64,0,32,8,83,4,86,15,49,3,27,8,12,11,75,10,33,26,31,3,10,0,7,4,76,16,2,3,33,8,16,12,2,35,2,16,74,6,18,7,6,62,26,11,84,14,11,27,3,7,0,100,3,4,86,10,4,0,72,18,0,0,1,70,0,1,50,7,2,0,22,1,16,1,32,3,5,7,7,6,75,0,14,0,3,9,3,21,0,17,2,35.93
4/26/2020,22,28,11,11,82,2,0,60,0,31,8,78,4,84,14,50,3,26,7,11,11,80,11,32,25,35,3,9,0,7,4,76,13,2,3,34,8,14,11,2,34,2,15,77,6,17,6,6,66,24,11,83,14,11,26,3,7,0,65,3,3,81,9,4,0,64,17,0,0,1,70,0,1,48,7,3,0,21,1,13,1,31,3,4,7,9,6,75,0,13,0,3,11,3,21,14,18,2,37.189999
5/3/2020,20,31,12,11,83,2,0,71,0,33,8,72,4,80,15,53,3,28,8,11,12,92,10,33,28,37,3,10,0,7,4,78,13,2,3,39,8,15,11,1,44,2,21,83,6,17,7,6,67,26,12,94,15,11,30,3,7,0,70,3,3,87,9,5,1,66,18,0,0,1,76,0,1,53,8,3,0,22,1,14,1,37,3,5,7,7,6,78,0,13,0,3,12,3,23,17,19,2,27.98
5/10/2020,21,30,11,12,86,2,5,75,0,31,8,72,4,79,14,51,3,27,7,9,12,83,10,31,25,33,3,10,0,6,4,88,14,2,3,40,8,14,10,2,44,2,17,82,6,16,7,6,65,26,12,89,15,11,28,3,7,0,65,3,3,86,8,5,1,67,18,0,0,1,72,0,1,54,7,2,0,23,1,14,1,53,3,5,8,7,5,72,0,13,0,2,10,3,23,20,17,2,31.889999
5/17/2020,20,27,11,12,88,2,0,78,0,34,8,70,4,73,15,44,3,26,6,9,11,78,10,31,27,35,3,10,0,6,3,78,13,2,3,40,8,14,11,2,47,2,17,76,6,16,6,5,62,25,12,93,15,11,28,3,7,0,64,3,3,84,14,5,0,61,19,0,0,1,83,0,1,53,7,2,0,22,1,13,1,31,2,5,7,8,5,77,0,14,0,2,14,3,23,19,17,2,28.16
5/24/2020,18,26,9,11,87,2,5,81,0,31,8,63,4,70,13,43,3,29,6,9,12,73,9,32,26,34,3,9,0,6,3,86,11,2,3,41,8,14,10,2,47,2,17,81,6,17,7,6,63,25,11,100,15,11,26,4,7,0,64,3,3,90,9,4,0,64,16,0,0,1,85,0,1,53,7,2,0,20,1,12,1,34,2,5,7,7,5,74,0,14,0,2,14,2,23,18,19,2,27.51
5/31/2020,18,27,8,11,84,2,0,81,0,37,8,58,4,68,14,42,3,28,6,10,12,81,9,29,25,38,3,9,0,6,3,84,13,2,3,46,7,14,9,2,52,2,16,82,6,14,7,6,63,25,11,82,16,11,27,3,7,0,61,4,3,77,8,5,0,58,17,0,0,1,78,0,1,51,8,2,0,20,1,12,1,31,3,5,7,6,10,73,0,13,0,1,11,3,21,20,18,2,24.52
6/7/2020,18,27,10,11,93,2,0,86,0,40,7,56,6,68,15,39,3,28,5,12,12,86,12,29,25,34,3,10,0,8,3,83,15,2,3,41,7,14,9,2,60,2,16,80,6,14,6,5,65,24,12,74,16,11,25,4,7,0,64,3,3,82,8,5,0,62,18,0,0,1,81,0,1,54,7,2,0,19,1,11,1,30,2,5,7,7,6,74,0,14,0,1,13,3,23,0,17,2,36.09
6/14/2020,18,27,9,12,91,2,5,91,0,34,8,47,4,60,14,41,3,28,5,9,11,80,10,31,25,32,3,10,0,6,3,85,15,2,3,42,6,14,9,2,64,2,17,76,6,13,6,5,69,25,12,74,17,11,26,4,7,0,62,3,3,77,9,5,0,57,17,0,0,1,84,0,1,51,7,2,0,19,1,11,1,34,2,5,6,6,5,75,0,13,0,1,13,3,22,0,19,2,35.119999
6/21/2020,18,26,8,11,90,2,6,91,0,31,8,51,4,64,15,37,3,30,5,9,12,80,8,29,24,36,3,9,0,6,3,83,13,2,2,47,6,14,8,2,68,2,17,74,6,11,6,5,67,23,11,72,17,12,28,3,7,0,61,4,3,87,9,5,0,61,17,0,0,1,79,0,1,57,7,2,0,17,1,11,1,42,2,5,6,8,5,70,0,12,0,1,13,3,22,0,20,2,34.73
6/28/2020,17,24,8,11,94,2,5,93,0,31,8,52,4,64,13,36,3,30,5,8,12,79,10,28,24,44,3,10,0,6,3,85,12,2,2,50,6,13,8,2,67,2,16,83,6,11,6,6,65,25,13,66,17,11,27,4,8,0,61,3,3,83,8,5,0,61,16,0,0,1,78,0,1,55,8,2,0,21,1,10,1,35,2,5,6,6,5,74,0,13,0,1,16,3,23,19,19,1,27.68
7/5/2020,16,26,9,12,88,2,0,86,0,30,7,56,5,64,14,37,3,30,5,9,12,81,8,27,26,43,3,10,89,5,3,91,12,2,2,47,6,14,8,2,75,2,18,88,6,11,6,6,67,26,13,66,18,11,28,3,8,0,65,3,3,83,8,5,0,61,19,0,0,1,83,0,1,59,7,2,0,18,1,11,1,34,2,5,6,7,5,76,0,14,0,2,15,3,23,21,20,1,27.290001
7/12/2020,20,29,10,12,97,2,0,93,0,34,8,53,5,70,16,34,3,31,5,10,12,80,10,30,28,42,3,10,0,6,4,90,13,2,3,51,7,15,9,2,77,2,18,83,6,11,6,5,77,26,13,69,19,11,32,3,7,0,69,4,3,90,9,5,0,63,19,0,0,1,86,0,1,59,8,2,0,20,1,11,1,31,2,8,6,8,5,79,0,15,0,2,16,3,25,21,20,1,25.68
7/19/2020,18,27,9,12,100,2,0,92,0,31,8,55,6,64,14,33,3,28,5,8,12,81,9,28,25,32,3,9,85,5,3,87,10,2,3,49,6,14,8,2,74,2,16,79,6,10,6,5,67,24,13,65,18,11,26,4,7,0,59,3,3,89,8,4,0,58,19,0,0,1,79,0,1,60,8,2,0,18,1,11,1,30,2,8,6,7,5,65,0,16,0,3,15,3,23,20,20,1,25.84
7/26/2020,18,28,9,13,96,2,0,89,0,32,9,52,5,68,14,33,3,28,5,9,12,75,10,28,24,39,3,10,0,5,3,84,10,2,2,49,6,13,8,2,77,2,16,78,5,10,6,5,67,25,12,64,18,10,27,3,7,0,60,3,3,88,8,4,1,59,18,0,0,1,80,0,1,67,8,2,0,17,1,10,1,39,2,6,5,7,5,73,0,14,0,3,18,3,23,0,20,1,24.459999
8/2/2020,18,28,9,12,96,2,0,91,0,31,9,52,5,68,14,35,3,29,5,9,12,75,9,29,22,39,3,10,0,5,3,86,10,2,2,49,6,14,10,2,82,2,16,84,6,10,6,5,63,25,12,63,18,11,26,4,8,0,59,3,3,89,12,4,0,54,18,0,0,1,100,0,1,72,8,2,0,19,1,10,1,39,3,6,6,8,5,74,0,13,0,3,16,3,23,22,19,1,22.209999
8/9/2020,21,25,9,13,0,2,6,86,0,30,8,51,5,67,14,37,3,29,5,9,12,78,8,27,23,37,3,10,93,5,3,88,10,2,2,48,6,14,10,2,83,2,17,77,6,10,6,5,68,23,12,67,18,11,27,3,8,0,61,4,3,0,10,4,0,54,18,0,0,1,83,0,1,85,9,2,0,18,1,11,1,44,2,6,6,9,5,75,0,15,0,2,16,3,23,25,19,1,22.049999
8/16/2020,22,25,9,12,0,2,0,89,0,31,8,42,4,62,15,34,3,28,5,8,11,71,9,29,25,32,3,8,0,4,3,83,8,2,2,51,6,13,9,2,76,2,15,74,5,11,5,4,71,23,11,60,17,10,25,3,7,0,59,3,3,0,9,4,0,54,17,0,0,1,75,0,1,68,8,2,0,17,1,10,1,32,2,5,6,10,5,66,0,13,0,2,14,3,22,20,21,1,22.540001
8/23/2020,23,26,11,12,0,2,0,87,0,32,8,40,4,62,15,38,3,26,5,8,11,71,10,30,27,33,3,9,85,4,3,79,9,2,2,45,6,14,9,2,73,2,15,69,6,10,5,4,85,24,10,59,16,9,24,3,7,0,53,4,3,0,8,4,0,54,18,0,0,1,75,0,1,65,7,2,0,17,1,10,1,29,2,5,6,14,5,65,0,13,0,1,13,3,21,22,19,2,22.959999
8/30/2020,26,26,10,14,0,2,5,85,0,31,8,41,7,64,17,37,3,26,6,10,11,76,9,33,29,38,3,9,0,6,3,80,10,2,2,42,7,13,10,2,76,2,15,75,6,11,6,5,83,22,11,56,17,11,25,3,7,0,56,4,3,0,9,4,0,54,18,0,0,1,72,0,1,64,7,2,0,17,1,11,1,39,2,6,7,19,6,69,0,14,0,2,15,3,22,23,18,2,30.75
9/6/2020,29,27,10,15,0,2,0,85,0,35,8,43,7,61,16,37,3,27,6,7,11,71,9,32,31,37,3,9,0,5,3,80,9,2,2,43,6,14,10,2,76,2,15,73,6,10,6,5,72,23,11,58,16,11,27,4,8,0,53,4,3,0,8,4,0,53,18,0,0,1,75,0,1,59,8,3,0,17,1,11,2,34,2,5,8,32,6,64,0,15,0,2,14,3,22,24,18,2,26.870001
9/13/2020,29,28,11,17,0,3,0,83,0,33,8,41,6,63,17,39,3,29,8,7,10,74,10,34,34,37,3,9,0,4,4,78,9,2,3,40,6,14,11,2,72,2,16,65,6,11,5,5,72,23,11,53,15,11,25,4,8,0,54,4,3,0,8,4,0,54,20,0,0,1,75,0,1,59,8,3,0,18,1,11,2,32,2,6,9,7,7,68,0,13,0,1,12,3,23,23,18,2,25.83
9/20/2020,27,26,11,16,0,2,0,81,0,33,8,37,5,59,18,37,3,26,7,6,10,71,8,32,32,36,3,9,0,5,3,74,11,2,3,41,6,14,11,2,66,2,15,71,6,11,5,5,69,24,11,51,14,11,25,4,7,1,55,4,3,0,8,4,0,48,18,0,0,1,73,0,1,55,7,3,0,16,1,10,1,29,2,6,9,7,7,62,0,12,0,1,10,3,22,21,19,2,26.379999
9/27/2020,24,28,9,15,0,2,0,78,0,30,8,32,5,60,17,38,3,26,6,6,10,66,7,30,29,40,3,9,0,5,3,77,10,2,3,38,6,14,11,2,63,2,15,77,5,10,4,5,67,23,9,50,14,11,26,4,7,0,54,5,3,0,8,5,0,49,18,0,0,1,67,0,1,55,7,3,0,15,1,10,1,32,2,5,8,6,6,57,0,12,0,1,12,3,21,20,18,3,27.629999
10/4/2020,27,30,11,16,0,2,0,83,0,29,9,33,5,63,18,41,3,29,7,7,10,75,8,32,32,41,3,9,0,4,4,88,10,2,3,41,7,14,11,2,70,2,17,82,5,11,5,5,82,21,11,53,15,11,26,4,8,1,58,6,3,0,9,4,0,51,19,0,0,1,72,0,1,59,7,3,0,17,1,11,2,32,2,6,10,6,7,62,0,13,0,1,14,3,22,22,20,3,25
10/11/2020,26,25,9,14,0,2,6,84,0,30,8,30,5,57,16,41,3,24,6,6,10,68,7,29,28,40,3,10,90,4,3,82,9,2,3,40,6,13,11,2,66,2,16,72,5,11,5,5,76,21,10,46,15,11,23,4,7,0,52,5,3,0,8,4,0,54,18,0,0,1,63,0,1,55,8,3,0,17,1,10,1,31,2,6,9,6,6,61,0,12,0,2,13,3,22,22,19,2,27.41
10/18/2020,25,26,10,15,0,2,0,85,0,34,8,29,4,60,16,39,3,26,6,6,10,70,8,31,29,39,3,10,0,4,3,81,9,2,3,42,7,13,11,2,64,2,16,76,5,12,5,5,75,25,10,52,15,11,23,4,7,0,57,6,3,0,8,4,0,55,18,0,0,1,67,0,1,59,7,3,0,17,1,11,1,32,2,6,9,6,6,63,0,12,0,2,12,3,23,23,20,2,27.549999
10/25/2020,21,25,9,12,0,2,0,76,0,31,8,24,5,59,15,36,3,26,6,6,10,68,7,27,29,37,3,10,0,5,3,78,11,2,3,38,7,13,12,2,56,2,16,75,5,11,4,5,71,22,9,48,14,10,25,3,7,0,51,6,3,0,8,4,0,54,18,0,0,1,64,0,1,57,8,3,0,17,1,11,1,36,2,5,8,6,5,63,0,12,0,3,13,3,21,22,19,2,38.02
11/1/2020,21,25,9,13,0,2,0,68,0,31,9,24,5,55,13,38,3,23,6,6,10,66,7,29,24,39,3,9,0,6,3,82,11,2,3,35,7,12,10,2,49,2,15,79,4,10,4,6,65,21,9,45,13,10,21,3,6,0,49,9,2,0,7,4,0,45,16,0,0,1,54,0,1,55,7,2,0,15,1,9,1,29,2,5,8,5,5,60,0,11,0,2,13,3,20,21,18,2,24.860001
11/8/2020,20,28,9,14,0,2,0,73,0,38,8,27,6,59,15,56,3,26,5,9,11,70,7,28,27,36,3,9,0,6,3,80,12,2,3,36,6,13,11,2,49,2,14,72,5,11,4,5,68,21,10,45,14,11,22,3,7,0,54,8,3,0,8,4,0,48,17,0,0,1,63,0,1,62,7,3,0,17,1,10,1,52,2,5,9,5,5,76,0,11,0,2,15,3,21,21,20,2,23.1
11/15/2020,21,30,10,15,0,2,5,74,0,33,9,26,5,59,15,63,3,28,5,8,10,71,8,30,29,35,3,10,0,5,3,78,11,2,3,42,7,14,11,2,49,2,15,75,5,11,5,5,66,22,10,46,15,11,22,3,7,0,55,4,3,0,7,4,0,52,19,0,0,1,65,0,1,59,7,3,0,17,1,10,1,34,2,5,8,5,6,78,0,12,0,2,16,3,23,23,21,2,23.700001
11/22/2020,20,23,9,12,0,2,5,77,0,34,9,22,4,54,14,49,3,26,5,9,10,66,8,29,24,35,3,11,0,5,3,75,8,2,3,39,7,14,10,2,48,2,12,71,5,10,4,5,65,22,10,47,12,10,24,3,7,0,54,3,3,0,8,4,0,54,15,0,0,1,59,0,1,66,7,2,0,18,1,9,1,36,2,5,9,5,5,95,0,11,0,1,19,3,24,23,24,2,20.84
11/29/2020,21,26,10,13,0,2,0,78,0,30,8,29,4,60,15,48,3,28,6,10,11,72,9,29,28,44,3,10,0,5,3,76,8,2,3,40,6,14,10,2,48,2,15,79,5,10,4,4,71,23,10,46,15,11,26,3,7,0,52,3,3,0,11,4,1,51,18,0,0,1,64,0,1,69,7,3,0,18,1,10,1,32,2,5,9,5,5,81,0,11,0,1,20,3,23,25,22,2,20.790001
12/6/2020,21,25,12,14,0,2,0,75,0,30,9,27,5,60,14,45,3,29,5,9,11,72,9,29,30,39,3,11,0,4,3,72,8,2,3,40,6,14,10,2,50,2,14,80,5,10,4,5,69,25,10,49,14,11,23,3,8,0,55,3,3,0,8,4,0,50,17,0,0,1,65,0,1,62,7,3,0,17,1,9,1,32,2,5,10,5,5,73,0,12,0,1,20,3,22,24,22,2,23.309999
12/13/2020,21,23,11,14,0,2,0,76,0,27,9,28,4,58,14,45,3,29,5,9,10,73,10,30,27,35,3,10,0,4,3,73,8,2,3,43,7,14,10,2,45,2,13,72,4,9,4,5,68,23,9,48,14,10,25,3,7,0,52,3,3,0,7,4,0,51,16,0,0,1,64,0,1,59,8,3,0,17,1,9,1,31,3,5,15,5,5,79,0,12,0,1,20,3,20,24,21,2,21.57
12/20/2020,17,21,8,9,0,1,4,77,0,30,8,32,4,56,12,44,3,27,4,8,10,59,8,22,20,36,3,9,0,5,2,74,7,1,3,45,6,15,9,2,48,1,13,68,4,7,3,5,59,19,10,46,11,9,24,3,6,0,52,2,3,0,8,4,0,60,14,0,0,1,56,0,1,55,8,2,0,19,0,10,1,42,2,4,7,4,4,86,0,11,0,1,24,2,21,0,23,1,21.530001
12/27/2020,16,22,9,9,0,1,3,83,0,33,9,40,4,64,12,44,3,29,4,9,10,63,7,25,21,39,3,10,0,5,2,77,7,2,3,41,6,15,8,2,60,1,16,76,4,7,4,5,63,25,11,55,13,12,32,3,7,0,57,2,4,0,8,5,0,68,15,0,0,1,62,0,1,61,8,2,0,19,1,11,1,100,2,4,5,4,3,75,0,13,0,1,20,2,24,27,24,1,22.75
1/3/2021,18,23,9,13,0,2,0,74,0,28,8,41,5,67,13,43,3,28,4,12,10,71,7,30,21,40,3,9,84,6,3,79,9,2,3,39,6,13,8,2,43,2,16,80,4,8,4,6,61,23,10,43,15,11,28,3,7,0,52,4,4,0,8,5,1,49,18,0,0,1,60,0,1,57,7,3,0,17,1,11,1,32,2,4,6,5,4,63,0,10,0,1,11,3,21,22,19,1,21.559999
1/10/2021,21,25,11,13,0,2,0,78,0,31,8,38,5,65,13,42,3,25,5,13,10,75,8,30,24,35,3,9,82,6,4,78,8,2,3,40,7,13,9,2,46,2,16,80,5,9,4,6,63,22,10,44,15,11,27,3,8,0,55,4,5,0,9,5,1,54,20,0,0,1,67,0,1,58,7,3,0,18,1,10,1,32,2,5,7,5,5,68,0,11,0,1,12,3,23,22,19,2,24.34
1/17/2021,20,26,12,14,0,2,5,74,0,35,7,42,5,58,15,43,3,26,5,11,10,78,8,32,27,34,3,9,0,6,4,83,8,2,3,38,7,13,10,2,47,2,16,73,5,9,4,5,67,26,10,45,15,11,26,3,8,0,54,4,4,0,7,4,0,48,21,0,0,1,67,0,1,58,7,3,0,17,1,9,1,28,2,5,7,6,6,64,0,12,0,2,12,3,23,24,21,2,21.91
1/24/2021,21,29,12,16,0,2,5,80,0,32,8,39,7,69,16,42,3,32,6,27,11,84,9,35,27,40,4,12,0,12,4,83,10,2,3,44,7,15,11,3,52,2,18,83,5,10,17,5,73,26,11,48,15,12,28,3,9,0,61,3,6,0,8,5,0,54,20,1,0,1,72,0,1,62,7,3,0,18,1,10,1,33,3,5,8,6,6,76,0,12,1,3,11,3,25,24,21,2,33.09
1/31/2021,24,28,12,19,0,2,0,79,0,29,8,40,6,64,16,43,3,29,5,21,11,90,8,32,28,40,3,11,89,8,4,76,8,2,3,36,6,15,9,3,47,2,16,80,5,10,8,5,72,23,12,49,16,12,25,3,9,0,54,3,5,0,7,4,0,51,21,1,0,1,66,0,1,70,7,3,0,16,1,9,1,27,3,5,8,6,6,72,0,12,0,2,11,3,22,24,21,2,20.870001
2/7/2021,22,25,13,15,0,2,0,81,0,31,9,31,5,67,16,38,3,29,5,19,10,82,8,35,28,37,3,10,0,7,3,84,8,2,3,39,7,15,10,3,52,2,16,73,5,10,5,4,69,23,11,50,16,11,28,3,9,0,56,3,5,0,9,5,0,47,18,1,0,1,71,0,1,70,7,3,0,17,1,10,1,43,3,5,8,5,6,67,0,12,0,2,12,3,22,24,21,2,19.969999
2/14/2021,22,26,12,14,0,2,5,74,0,30,8,29,4,60,14,39,3,27,5,14,10,75,8,30,25,35,3,10,0,6,3,82,7,2,3,37,7,14,10,3,49,2,16,76,5,9,4,5,68,22,10,51,15,11,28,3,8,0,54,3,4,0,9,4,0,53,18,0,0,1,78,0,1,71,7,3,0,17,1,9,1,39,3,5,7,5,6,64,0,11,0,2,13,3,22,26,19,2,22.049999
2/21/2021,25,27,16,17,0,2,0,86,0,32,8,29,7,62,15,43,3,28,5,14,10,80,9,32,28,38,3,9,79,7,4,74,8,2,3,40,7,14,10,3,46,2,17,76,6,11,5,5,68,23,11,59,16,12,29,3,8,0,54,3,4,0,11,4,0,53,18,0,0,1,79,0,1,67,7,3,0,16,1,10,1,29,3,5,8,6,6,67,0,12,0,2,14,3,23,26,19,2,27.950001
2/28/2021,24,27,15,15,0,2,0,85,0,33,8,31,8,63,15,41,3,27,5,12,10,80,9,32,30,44,3,10,83,7,4,72,9,2,3,42,7,14,10,3,55,2,17,84,6,11,5,4,66,24,11,65,16,12,30,3,8,0,54,3,4,0,9,4,0,48,20,0,0,1,72,0,1,82,7,3,0,17,1,10,2,30,3,5,9,6,6,62,0,12,0,2,13,3,22,27,19,2,24.66
3/7/2021,22,30,15,14,0,2,0,81,0,30,8,33,8,64,16,38,3,28,6,11,9,76,8,31,28,36,3,11,0,6,4,79,9,2,3,42,7,13,10,2,49,2,16,84,6,11,5,5,71,20,10,60,15,12,31,4,8,0,53,3,4,0,9,4,0,49,19,0,0,1,65,0,1,80,7,3,0,16,1,9,1,36,3,5,8,6,6,65,0,13,0,1,13,3,22,25,19,2,20.690001
3/14/2021,23,30,14,14,0,2,5,85,0,30,9,30,6,61,14,36,3,28,5,10,9,71,11,28,28,36,3,10,77,4,3,78,8,2,3,41,7,13,9,2,52,2,15,81,5,11,5,4,66,20,10,63,16,11,29,3,7,0,58,2,4,0,8,4,0,46,18,0,0,1,76,0,1,70,7,3,0,16,1,9,1,29,3,4,8,5,6,65,0,12,0,1,12,3,22,25,18,2,20.950001
3/21/2021,21,25,13,13,0,2,5,84,0,30,8,30,6,58,15,36,3,26,6,10,10,70,8,28,25,36,3,8,78,5,4,78,8,2,3,41,7,14,9,2,53,2,15,76,6,14,5,4,66,21,9,71,16,11,26,3,8,0,52,3,3,0,9,4,0,49,18,0,0,1,74,0,1,67,7,3,0,15,1,10,1,28,2,5,7,6,5,64,0,12,0,1,14,3,21,0,18,2,18.860001
3/28/2021,20,23,12,12,0,2,5,86,0,30,9,30,6,60,13,32,3,27,6,8,11,66,8,31,23,37,3,10,0,5,3,82,7,2,3,44,8,15,10,2,59,2,15,84,5,15,6,4,69,22,10,80,14,11,28,3,8,0,56,2,4,0,9,4,0,54,19,0,0,1,75,0,1,65,8,2,0,16,1,10,1,40,2,5,6,6,5,66,0,13,0,1,18,3,21,25,20,2,17.33
4/4/2021,23,26,13,12,0,2,0,84,0,31,9,27,5,64,15,36,3,28,5,8,10,70,7,29,27,40,3,10,0,4,3,80,7,2,3,46,7,15,9,2,58,2,17,83,5,11,5,5,68,23,10,85,16,11,27,3,8,0,57,2,4,0,9,4,0,50,20,0,0,1,73,0,1,67,8,3,0,17,1,10,1,37,2,5,7,6,5,62,0,13,0,1,15,3,22,23,19,2,16.690001
4/11/2021,22,24,13,13,0,2,5,76,0,31,9,27,6,60,14,35,3,28,5,10,9,69,9,29,28,37,3,8,0,5,3,78,6,2,3,44,6,15,10,2,49,2,16,77,5,11,5,5,68,22,10,77,16,11,27,3,8,0,56,2,5,0,7,4,0,46,18,0,0,1,71,0,1,62,7,3,0,17,1,10,1,32,2,5,7,6,5,66,0,13,0,1,14,3,23,21,17,2,16.25
4/18/2021,24,27,13,13,0,2,0,85,0,34,9,27,5,64,16,41,3,29,6,11,10,73,9,29,27,35,3,9,0,5,4,82,7,2,3,47,7,15,11,4,57,2,17,82,5,13,6,5,74,23,10,80,17,11,25,3,9,0,56,2,5,0,10,4,1,54,19,0,0,1,84,0,1,62,8,3,0,18,1,11,1,31,2,5,8,6,6,69,0,13,0,2,13,3,21,25,19,2,17.33
4/25/2021,21,24,13,12,0,2,0,87,0,32,8,26,5,59,15,40,3,27,5,9,9,74,9,30,27,36,3,9,0,4,4,80,6,2,3,45,7,14,10,3,55,2,16,80,5,13,5,5,70,22,10,72,17,11,25,3,8,0,51,3,4,0,8,4,0,52,19,0,0,1,75,0,1,58,8,3,0,17,1,10,1,29,2,5,7,7,6,62,0,12,0,3,14,3,21,21,18,2,18.610001
5/2/2021,20,25,15,14,0,2,5,80,0,28,8,27,5,62,14,37,3,27,5,10,10,76,8,30,27,37,3,9,0,5,3,82,6,2,3,51,7,13,10,3,61,2,16,79,5,12,5,4,67,27,10,72,16,11,25,3,9,0,52,3,5,0,8,4,0,52,19,0,0,1,70,0,1,59,8,3,0,16,1,10,1,33,3,5,7,6,5,67,0,13,0,2,17,3,22,22,18,2,16.690001
5/9/2021,20,24,23,13,0,2,0,86,0,32,9,28,6,65,14,38,4,27,5,10,10,80,8,30,26,34,3,10,0,6,3,83,8,2,2,50,7,14,12,3,64,2,16,81,5,13,5,5,70,23,11,74,15,12,27,3,9,0,52,2,5,0,9,4,0,57,18,0,0,1,69,0,1,66,8,3,0,18,1,10,1,47,3,5,7,6,6,72,0,13,0,2,16,3,23,23,18,4,18.809999
5/16/2021,20,24,17,12,0,2,0,85,0,28,8,25,6,62,14,43,3,26,5,8,9,77,8,30,29,32,3,10,0,5,3,77,8,2,2,49,7,14,12,2,65,2,16,73,5,11,5,4,70,25,9,71,15,11,27,3,8,0,57,2,4,0,9,4,1,56,17,0,0,1,74,0,1,55,7,3,0,17,1,10,1,28,3,5,8,6,5,63,0,13,0,1,13,3,21,22,16,4,20.15
5/23/2021,19,24,15,12,0,2,0,89,0,32,8,24,5,62,14,38,3,28,5,9,9,70,9,30,28,38,3,10,0,4,3,80,6,2,2,65,6,14,10,2,75,2,16,75,5,11,5,5,66,24,9,71,16,11,25,3,8,0,54,2,4,0,9,4,1,55,17,0,0,1,76,0,1,54,8,2,0,17,1,10,1,31,3,6,7,6,6,62,0,14,0,1,15,3,21,24,18,2,16.76
5/30/2021,18,21,13,12,0,2,0,85,0,45,8,23,4,58,13,34,3,26,5,9,10,69,7,29,25,37,3,9,0,4,3,76,5,2,3,53,6,13,9,2,74,2,15,75,5,10,6,4,68,22,10,71,16,11,23,3,7,0,51,2,4,0,8,4,0,58,16,0,0,1,77,0,1,52,8,2,0,17,1,11,1,31,3,5,7,5,12,58,0,15,0,1,17,3,21,0,18,2,16.42
6/6/2021,18,23,17,13,0,2,5,90,0,40,8,26,5,63,13,32,3,26,5,10,10,73,9,29,27,36,3,9,0,4,3,84,6,2,3,56,7,14,9,2,83,2,17,79,5,10,6,5,69,23,9,74,17,11,25,3,8,0,56,2,3,0,8,4,0,55,19,0,0,1,84,0,1,52,7,3,1,17,1,11,1,30,3,6,7,5,7,61,0,14,0,1,15,3,21,26,19,2,15.65
6/13/2021,18,25,17,11,0,2,0,92,0,33,8,23,5,56,13,31,3,26,5,9,9,69,13,27,25,34,3,9,0,4,3,81,6,2,2,55,6,13,9,2,73,2,15,73,5,10,6,4,71,22,9,67,17,11,24,3,7,0,55,2,3,0,7,4,0,52,16,0,0,1,85,0,1,55,7,2,1,16,1,11,1,32,2,5,7,6,5,59,0,13,0,1,19,3,20,0,17,1,20.700001
6/20/2021,18,22,13,12,0,2,0,90,0,36,8,21,5,63,14,32,3,27,4,7,9,70,8,30,23,34,3,9,0,4,3,82,7,2,2,61,6,13,9,2,84,2,16,78,5,9,6,5,72,20,9,71,17,11,26,3,8,0,57,2,3,0,8,4,0,54,18,0,0,1,80,0,1,60,7,2,1,16,1,11,1,39,2,6,6,5,5,60,0,15,0,1,15,3,22,27,20,1,15.62
6/27/2021,18,21,11,12,0,2,4,84,0,33,7,20,5,61,15,38,3,26,4,7,9,62,8,27,23,38,3,10,0,4,3,77,6,2,2,55,6,13,9,2,81,2,16,79,5,9,5,5,67,22,10,60,17,10,24,3,8,0,52,2,3,0,11,4,0,51,18,0,0,1,78,0,1,57,7,2,1,17,1,11,1,32,2,5,6,5,5,60,0,14,0,1,15,3,19,28,19,1,15.07
7/4/2021,17,21,11,12,0,2,4,91,1,32,8,22,4,63,14,42,3,25,4,7,9,68,8,28,22,39,3,10,0,4,3,82,6,2,2,58,6,13,9,2,88,2,15,87,5,9,5,4,67,22,10,65,16,11,25,3,7,0,53,2,3,0,9,4,0,56,17,0,0,1,77,0,1,60,7,2,1,16,1,10,1,30,2,5,6,6,5,62,0,13,0,1,18,3,21,28,19,1,16.18
7/11/2021,18,22,15,12,0,2,5,88,1,36,8,22,5,66,15,37,3,27,4,7,9,71,8,30,25,38,3,9,0,4,3,86,6,2,2,63,6,14,7,2,95,2,16,95,5,9,5,6,71,23,10,63,17,11,26,3,8,0,55,2,3,0,8,4,0,52,19,0,0,1,82,0,1,60,8,2,1,18,1,11,1,31,2,5,6,6,5,61,0,14,0,1,16,3,22,33,20,1,18.450001
7/18/2021,17,23,13,12,0,2,4,97,1,35,7,20,5,74,13,38,3,28,4,8,9,69,8,27,23,36,3,10,0,5,3,84,9,2,2,61,7,13,8,2,98,2,16,81,5,9,5,5,72,25,10,67,18,11,24,3,7,0,54,2,3,0,9,4,0,57,19,0,0,1,89,0,1,59,7,2,1,16,1,12,1,31,2,5,6,6,5,61,0,15,0,2,18,3,22,34,20,1,17.200001
7/25/2021,18,23,12,14,0,2,4,93,1,34,8,20,5,63,13,33,3,27,4,7,10,70,9,28,21,39,3,10,0,4,3,86,7,2,2,58,6,13,8,2,99,2,15,74,5,9,5,5,69,22,10,60,18,10,25,3,8,0,57,2,3,0,9,4,0,56,18,0,0,1,86,0,1,74,8,2,1,15,1,11,1,32,2,6,7,6,5,60,0,15,0,2,16,3,21,32,19,1,18.24
8/1/2021,19,22,10,14,0,2,5,92,0,35,8,19,4,63,14,32,3,26,4,7,9,68,8,29,22,42,3,9,81,4,3,81,6,2,2,60,6,13,8,2,100,2,15,79,4,8,5,5,67,23,10,62,17,10,25,3,8,0,58,2,3,0,8,4,0,53,18,0,0,1,79,0,1,73,8,2,1,17,1,11,1,38,2,6,6,6,5,60,0,14,0,2,17,3,21,33,20,1,16.15
8/8/2021,21,22,12,11,0,2,4,90,0,33,8,19,4,62,14,34,3,28,4,6,9,70,8,28,23,34,2,9,0,3,3,81,6,2,2,56,6,13,8,2,96,2,15,82,5,9,5,4,69,23,10,55,16,10,24,3,7,0,55,2,3,0,7,4,0,56,18,0,0,1,77,0,1,74,8,3,1,17,1,10,1,32,2,6,6,7,5,62,0,15,0,2,15,3,21,29,18,1,15.45
8/15/2021,21,22,11,13,0,1,5,91,0,34,8,19,5,65,14,44,3,27,5,6,9,69,8,27,22,35,3,10,0,4,3,85,7,2,2,59,7,14,10,2,93,2,16,79,5,10,5,5,71,23,11,58,18,10,25,3,7,0,54,2,3,0,9,3,0,51,19,0,0,1,77,0,1,61,8,2,0,16,1,10,1,37,2,6,6,8,5,63,0,13,0,1,17,3,22,34,18,1,18.559999
8/22/2021,22,22,11,12,0,2,5,88,0,34,8,19,4,63,14,35,3,28,5,7,10,74,10,27,23,34,3,9,0,3,3,90,7,2,3,57,7,17,10,2,92,2,15,81,4,10,5,5,72,23,10,61,18,10,25,3,7,0,54,2,3,0,9,3,1,53,19,0,0,1,77,0,1,57,7,3,0,18,1,10,1,35,2,6,7,12,5,63,0,14,0,1,15,3,22,0,20,1,16.389999
8/29/2021,26,22,11,13,0,2,5,88,0,32,8,18,5,78,15,33,3,27,5,6,10,67,8,28,25,40,3,8,79,4,3,80,6,2,2,55,7,18,9,2,81,2,14,79,5,9,5,5,69,23,10,54,16,10,24,3,8,0,55,2,3,0,8,3,0,56,18,0,0,1,73,0,1,55,7,2,0,17,1,12,1,33,2,6,7,15,5,58,0,12,0,1,17,3,20,31,18,1,16.41
9/5/2021,23,23,13,13,0,2,5,86,0,36,8,19,4,78,14,36,3,28,5,6,10,72,8,28,27,36,3,9,0,4,3,75,5,2,2,54,6,19,10,2,84,2,15,73,5,9,5,5,70,25,10,56,16,11,23,3,8,0,53,2,3,0,8,3,1,54,19,0,0,1,72,0,1,53,7,3,0,17,1,13,1,39,2,6,7,31,5,61,0,13,0,1,16,3,22,32,20,2,20.950001
9/12/2021,27,24,15,15,0,2,5,86,0,34,8,14,4,66,16,36,3,27,6,6,10,73,8,31,31,34,3,9,0,4,3,79,6,2,3,56,6,15,10,2,84,2,17,79,5,9,4,5,74,25,11,55,16,11,23,3,8,0,55,3,3,0,8,4,0,47,21,0,0,1,75,0,1,54,7,3,0,16,1,10,1,29,2,7,9,5,6,59,0,12,0,1,14,3,21,32,19,2,20.809999
9/19/2021,27,28,12,16,0,2,5,81,0,34,8,11,5,66,16,33,4,28,6,7,9,77,12,30,31,34,3,9,0,6,3,79,8,2,3,50,7,15,10,2,82,2,15,73,5,13,5,5,70,26,11,51,17,11,24,4,8,0,53,3,3,0,8,4,1,49,20,0,0,1,73,0,1,59,7,3,1,17,1,10,1,30,2,7,9,5,6,66,0,13,0,1,15,3,22,31,19,2,17.75
9/26/2021,29,35,14,16,0,2,5,82,0,34,8,11,5,65,16,32,3,26,6,7,9,71,9,30,29,38,3,10,0,4,4,78,7,2,3,49,6,13,10,2,85,2,15,83,5,13,5,4,74,22,10,52,16,11,24,4,8,0,52,3,3,0,7,4,1,52,20,0,0,1,72,0,1,53,6,3,1,16,1,11,1,32,2,7,9,5,6,59,0,13,0,1,16,3,21,32,19,2,21.1
10/3/2021,24,33,15,13,0,2,5,76,0,34,8,9,5,60,15,30,3,26,6,7,9,69,8,29,28,38,3,8,0,4,3,79,7,2,3,52,6,14,10,2,77,2,14,77,5,10,4,4,76,23,10,52,16,10,23,3,8,0,54,3,3,0,7,3,0,49,19,0,0,1,66,0,1,54,6,3,0,16,1,12,1,29,2,6,9,5,5,59,0,11,0,2,15,3,21,32,17,2,18.77
10/10/2021,26,29,19,14,0,2,5,85,1,37,8,9,4,63,15,32,3,27,6,7,10,70,10,31,31,33,3,10,0,4,4,89,7,2,3,56,7,14,10,2,86,2,16,82,5,12,5,4,81,26,11,54,16,11,24,4,8,0,56,3,3,0,8,4,0,57,22,0,0,1,71,0,1,61,7,3,0,18,1,14,1,36,2,7,8,5,6,60,0,14,0,2,18,3,22,36,20,2,16.299999
10/17/2021,26,26,20,15,0,2,5,82,1,36,8,8,5,61,17,30,4,29,6,8,10,70,8,32,31,34,3,10,0,4,4,87,6,2,3,52,6,14,11,2,87,2,17,81,5,11,5,5,83,26,10,53,17,11,26,3,9,0,56,3,4,0,8,4,1,55,20,0,0,1,71,0,1,60,7,3,0,16,1,19,1,30,2,6,9,5,6,59,0,16,0,2,16,3,22,0,20,2,15.43
10/24/2021,25,24,20,14,0,2,5,82,0,33,8,8,5,59,15,30,3,30,5,8,10,75,8,30,30,35,3,9,73,4,3,86,6,2,3,51,6,14,10,3,78,2,15,78,5,10,4,4,74,24,9,48,16,11,25,3,8,1,50,3,4,0,7,4,0,54,21,0,0,1,66,0,1,54,7,3,0,15,1,25,1,31,2,6,8,5,6,63,0,14,0,2,15,3,21,31,19,2,16.26
10/31/2021,22,25,16,13,0,2,5,79,0,33,8,7,5,62,15,29,3,27,5,8,9,70,11,28,26,35,3,10,0,4,3,74,6,2,3,46,6,14,10,2,81,2,14,79,4,10,4,4,68,24,9,50,15,10,23,3,8,0,51,3,4,0,8,3,0,52,19,0,0,1,60,0,1,53,7,3,0,15,1,27,1,53,2,6,7,4,6,63,0,14,0,2,22,3,20,35,20,2,16.48
11/7/2021,25,26,24,14,0,2,6,81,0,34,8,7,5,63,15,34,4,29,6,8,10,75,9,30,30,34,4,10,0,5,3,74,6,2,3,52,6,14,10,3,90,2,15,81,5,12,5,4,72,23,10,53,16,12,24,3,8,0,58,3,4,0,8,3,0,58,19,0,0,1,68,0,1,53,7,3,0,17,1,23,1,31,2,6,9,5,6,67,0,14,0,2,19,3,21,35,21,2,16.290001
11/14/2021,25,25,23,15,0,2,6,79,0,34,8,8,5,59,15,33,3,26,6,8,10,67,8,29,30,33,4,10,0,4,3,91,6,2,3,48,6,14,10,2,76,2,16,86,5,10,4,4,70,28,10,53,15,9,25,3,8,0,55,3,3,0,7,4,1,49,20,0,0,1,63,0,1,56,6,3,0,18,1,14,1,31,2,6,9,5,6,67,0,13,0,2,19,3,22,34,21,2,17.91
11/21/2021,22,21,18,12,0,2,5,73,0,33,8,6,4,55,14,31,3,26,5,7,9,68,8,27,26,30,4,9,0,5,3,76,5,2,3,50,6,14,8,2,72,2,13,73,5,9,4,4,60,24,10,47,13,9,24,3,7,0,51,2,3,0,7,3,1,52,17,0,0,1,61,0,1,54,6,2,0,15,1,10,1,35,2,5,8,4,6,78,0,12,0,1,18,3,24,33,21,1,28.620001
11/28/2021,24,27,23,14,0,2,5,78,0,34,9,8,5,71,15,30,3,29,5,7,10,72,9,30,29,39,4,10,82,5,3,82,8,2,3,63,6,14,10,2,69,2,15,82,5,10,4,5,70,23,9,50,16,11,27,3,9,0,50,2,4,0,7,4,1,52,20,0,0,1,61,0,1,57,7,3,0,19,1,10,1,31,2,6,9,5,5,69,0,12,0,1,21,3,20,33,22,2,30.67
12/5/2021,24,27,23,13,0,2,5,77,0,34,8,8,5,71,15,32,3,27,6,7,8,70,10,28,27,36,4,12,0,4,3,77,8,2,3,53,6,13,10,2,75,2,14,75,5,10,4,4,65,23,10,49,15,10,27,3,8,0,52,2,3,0,10,4,1,50,18,0,0,1,67,0,1,56,7,3,0,17,1,10,1,30,2,6,9,5,6,63,0,13,0,1,21,3,21,33,23,2,18.690001
12/12/2021,24,25,27,13,0,2,5,82,0,33,8,7,5,63,15,32,4,28,5,7,10,74,21,27,28,36,4,10,84,4,3,73,8,2,3,57,6,14,10,2,75,2,13,82,5,10,4,5,67,23,9,50,15,11,27,3,7,0,51,3,3,0,8,4,1,58,19,0,0,1,61,0,1,57,7,3,0,23,1,10,1,30,2,6,9,5,6,72,0,13,0,1,21,3,20,31,22,2,21.57
12/19/2021,17,20,18,10,0,2,4,78,0,34,8,7,5,67,13,33,3,27,4,7,11,62,9,24,23,36,3,9,0,5,3,83,8,2,3,53,6,14,9,2,77,1,13,77,5,8,4,5,63,22,11,49,13,9,29,3,7,0,52,2,3,0,8,4,0,68,18,0,0,1,62,0,1,57,7,2,0,24,1,10,1,39,2,5,8,4,4,78,0,13,0,1,28,2,22,34,23,1,17.959999
12/26/2021,15,19,15,8,0,1,3,66,0,32,8,7,4,62,11,31,3,27,4,7,8,56,7,22,20,33,3,9,0,5,2,74,7,1,3,51,6,15,7,2,83,1,16,66,4,7,3,4,55,22,10,51,12,10,35,2,6,0,49,2,3,0,8,4,0,67,17,0,0,1,64,0,1,56,7,2,0,21,1,10,1,91,2,4,5,3,3,73,0,13,0,1,25,2,21,31,21,1,17.219999
1/2/2022,23,23,23,12,0,2,5,79,0,35,10,8,5,71,16,37,4,28,5,9,10,73,11,32,26,40,3,10,0,4,3,82,6,2,3,58,7,15,9,2,72,2,18,84,6,9,4,5,65,24,10,48,15,11,36,3,9,0,56,2,4,0,8,5,1,64,22,0,0,1,72,0,1,54,7,3,0,21,1,10,1,35,2,6,8,5,6,63,0,13,0,1,18,3,22,32,22,2,18.76
1/9/2022,24,25,24,14,0,2,5,80,0,33,8,8,6,65,15,45,4,26,6,8,10,66,11,30,28,34,3,9,0,4,4,86,6,2,3,59,7,15,9,2,65,2,16,72,6,9,4,4,65,23,10,49,17,11,31,3,8,0,55,3,4,0,8,5,1,58,23,0,0,1,70,0,1,49,7,3,0,19,1,10,1,33,3,6,8,5,6,62,0,12,0,2,14,3,21,27,20,2,19.190001
1/16/2022,25,25,26,14,0,2,5,81,0,31,7,8,7,65,16,44,4,27,6,9,10,71,10,32,27,32,3,10,75,6,4,78,6,2,3,48,7,15,10,2,65,2,16,69,6,10,4,4,64,24,10,48,17,10,28,3,8,0,51,3,4,0,9,5,1,60,20,0,0,1,72,0,1,50,7,3,0,18,1,11,1,29,2,6,8,5,7,58,0,12,0,2,14,4,21,25,20,2,28.85
1/23/2022,26,26,27,16,0,3,6,80,1,35,8,9,9,69,16,47,4,27,6,9,10,77,24,35,32,34,3,11,0,8,4,80,10,2,3,52,7,16,10,2,67,2,16,72,6,11,4,4,69,26,10,47,17,11,34,3,9,1,53,3,4,0,9,5,1,58,20,0,0,1,70,0,1,55,6,3,0,17,1,12,2,34,2,6,9,5,7,55,0,13,0,3,13,4,20,30,21,3,27.66
1/30/2022,25,29,22,14,0,2,6,80,0,34,8,8,8,75,16,41,4,29,6,8,11,75,9,32,29,39,3,11,79,5,4,83,8,2,3,54,7,15,11,2,69,2,15,78,6,11,4,4,75,24,10,50,17,11,31,3,8,1,54,3,4,0,8,4,1,54,19,0,0,1,66,0,1,53,7,3,0,17,1,12,2,33,3,6,8,5,7,61,0,12,0,3,13,4,21,31,22,2,23.219999
2/6/2022,28,26,27,15,0,2,6,84,0,34,8,7,6,68,16,39,4,26,6,7,10,66,10,35,30,32,3,11,0,4,4,81,7,2,3,57,7,15,12,2,77,2,16,73,6,11,4,4,71,25,10,49,18,11,32,3,9,1,49,3,4,0,8,4,1,52,19,0,0,2,72,0,1,58,7,3,0,15,1,11,2,36,3,6,9,5,7,60,0,13,0,3,14,4,21,31,20,2,27.360001
2/13/2022,31,25,25,17,0,2,6,83,0,35,7,7,7,61,16,46,4,26,7,8,10,71,12,36,34,31,3,11,0,5,4,78,8,2,3,59,7,15,12,2,69,3,16,69,7,13,4,4,70,24,9,53,16,12,33,4,9,1,53,3,4,0,8,4,1,55,18,0,0,2,70,0,1,59,6,3,0,15,1,11,2,42,3,7,10,5,8,58,0,12,0,2,14,4,21,0,24,3,27.75
2/20/2022,31,27,22,15,0,2,6,81,0,34,8,7,8,58,16,96,4,27,8,8,10,69,8,35,33,32,3,11,0,9,4,76,10,2,3,54,7,14,14,2,74,2,15,69,6,18,4,5,67,24,9,52,16,12,32,4,8,1,59,3,4,0,8,4,1,55,17,0,0,2,71,0,1,62,6,3,0,15,1,13,2,28,2,6,10,5,8,57,0,13,0,2,15,4,20,37,52,7,27.59
2/27/2022,31,27,24,16,0,2,7,80,0,35,9,7,7,64,18,100,4,27,10,8,11,71,9,36,35,37,3,12,76,6,4,75,9,3,3,53,7,15,13,2,77,3,17,77,6,17,4,5,68,23,9,52,16,12,31,4,9,1,63,3,3,0,7,4,1,53,18,0,0,1,73,0,1,62,7,3,0,15,1,15,2,29,3,7,9,5,7,57,0,13,0,2,14,4,19,35,100,5,31.98
3/6/2022,33,28,31,16,0,2,7,83,0,33,9,7,7,67,18,70,4,27,9,8,12,76,9,35,38,34,3,12,0,6,4,78,10,3,3,58,8,15,12,2,78,3,16,78,7,16,4,5,72,25,9,55,19,13,30,4,9,1,79,3,4,0,7,5,1,54,19,0,0,2,74,0,1,67,7,4,0,16,1,13,2,35,3,7,10,5,8,59,0,14,0,2,12,4,20,37,98,4,30.75
3/13/2022,31,28,29,15,0,2,7,90,0,38,9,6,7,66,17,59,4,29,9,7,11,71,19,37,36,31,3,11,0,5,4,83,9,2,3,58,8,17,11,3,79,3,19,74,7,13,5,4,73,27,9,60,17,13,32,4,9,1,66,3,3,0,8,4,1,60,19,0,0,2,82,0,1,63,8,3,0,17,1,13,2,38,2,7,10,6,8,62,0,14,0,2,16,4,22,38,87,3,23.870001
3/20/2022,32,30,28,15,0,2,7,88,1,37,8,6,6,64,19,56,4,29,9,7,10,74,9,37,36,32,3,12,0,5,4,82,7,3,3,58,7,15,12,3,79,3,17,76,7,15,5,5,70,26,10,61,19,12,30,4,9,1,62,3,4,0,15,4,1,61,18,0,0,2,82,0,1,59,7,3,0,16,1,15,2,30,3,7,10,5,8,62,0,15,0,2,15,4,22,0,72,3,20.809999
3/27/2022,34,30,29,17,0,2,7,95,1,40,9,7,5,72,20,62,5,31,8,8,11,77,9,40,38,38,3,13,0,4,5,78,7,3,3,63,8,17,14,3,85,3,20,81,7,15,5,5,81,27,10,59,20,14,36,4,9,1,65,3,4,0,9,4,1,63,21,0,0,2,91,0,1,59,8,4,0,17,1,17,2,32,3,8,10,6,9,62,0,16,0,2,16,4,22,40,66,3,19.629999
4/3/2022,31,32,29,15,0,2,6,83,0,36,9,6,5,74,18,55,4,30,8,7,10,73,11,37,35,34,3,11,0,4,4,78,6,2,3,59,7,14,12,3,76,3,16,79,6,16,5,4,71,24,10,58,19,13,32,4,9,1,59,3,4,0,8,4,1,54,19,0,0,2,79,0,1,55,9,3,0,16,1,12,2,29,3,7,9,6,8,61,0,17,0,1,16,4,20,0,52,3,21.16
4/10/2022,0,29,32,12,91,2,6,86,0,35,8,6,5,64,15,52,4,31,7,6,10,64,10,33,30,33,3,12,0,5,4,79,5,2,3,0,7,15,12,3,89,3,16,71,6,12,5,4,67,24,10,65,17,12,33,4,8,1,57,3,3,92,8,4,1,62,17,0,0,1,75,0,1,61,8,3,0,15,1,12,2,36,2,6,7,5,7,53,0,16,0,2,22,3,20,42,52,3,22.700001
4/17/2022,0,30,29,15,84,2,6,81,0,36,8,6,5,66,17,52,4,27,8,7,9,70,10,38,34,30,3,13,83,5,5,79,6,2,3,0,7,16,11,3,81,3,17,70,6,14,5,4,77,25,10,70,19,12,31,4,9,1,54,3,4,89,8,4,1,59,18,0,0,2,78,0,1,56,7,3,0,15,1,12,2,32,2,7,9,6,8,61,0,16,0,3,20,4,20,0,47,3,28.209999
4/24/2022,0,31,28,14,79,3,6,81,0,36,9,5,7,68,16,49,4,28,8,7,9,74,10,36,34,32,3,13,0,5,4,74,8,2,2,0,7,15,12,2,79,3,16,70,6,14,5,4,73,24,9,65,19,12,29,4,8,1,57,3,3,92,8,4,1,58,17,0,0,2,80,0,1,58,8,3,0,15,1,12,2,28,2,7,8,6,8,54,0,16,0,3,17,4,19,0,40,3,33.400002
5/1/2022,0,29,30,14,86,3,5,84,0,36,9,6,8,68,17,51,4,28,9,7,10,72,21,31,33,34,3,13,0,6,4,76,9,2,3,0,7,15,12,2,89,3,16,77,6,14,5,4,74,25,9,66,18,12,29,4,8,1,58,3,4,91,8,4,1,61,17,0,0,2,82,0,1,60,8,3,0,15,1,11,2,38,3,7,8,6,7,56,0,17,0,2,22,4,20,0,40,3,30.190001
5/8/2022,0,31,38,15,87,3,6,85,1,34,8,5,10,67,18,50,4,28,8,8,10,76,10,39,33,34,3,12,0,7,4,69,11,2,2,0,7,16,12,2,82,3,17,75,6,15,5,4,79,34,10,68,18,12,26,4,8,1,56,3,4,93,9,4,1,56,19,0,0,2,84,0,1,57,7,3,0,15,1,11,2,44,2,7,9,6,8,54,0,14,0,2,16,4,19,0,34,3,28.870001
5/15/2022,0,27,30,13,85,2,5,76,0,36,8,5,8,63,15,49,4,28,7,6,10,75,10,34,33,32,3,11,0,6,4,79,11,2,2,0,7,15,11,2,80,2,16,66,6,14,5,4,71,25,9,66,18,12,25,4,8,0,57,3,3,89,8,4,1,63,17,0,0,1,85,0,1,55,7,3,0,15,1,11,1,31,2,7,9,6,8,52,0,16,0,2,15,3,19,43,31,3,29.43
5/22/2022,0,26,25,12,78,2,5,84,0,36,8,5,7,66,16,43,4,27,7,6,10,71,11,30,32,31,3,12,0,5,4,80,10,2,2,0,6,15,11,2,85,2,15,73,6,13,5,4,69,25,10,66,18,11,27,4,8,0,56,3,3,88,8,4,1,60,18,0,0,1,83,0,1,54,7,3,0,15,1,12,1,29,2,7,8,5,8,51,0,15,0,2,20,3,19,0,31,2,25.719999
5/29/2022,0,26,27,13,84,2,5,87,0,36,8,5,7,64,17,45,4,29,6,6,11,71,9,33,32,38,3,12,0,4,4,82,8,2,2,0,6,15,11,2,87,2,16,73,6,13,5,4,73,25,10,68,17,11,26,4,8,0,57,3,3,95,9,4,1,63,16,0,0,1,93,0,1,54,8,3,0,16,1,13,1,32,2,7,8,5,10,53,0,15,0,1,22,3,18,48,33,2,24.790001
6/5/2022,0,25,40,12,81,2,5,85,0,35,9,5,6,64,15,42,4,29,7,5,10,70,10,32,31,33,3,12,82,4,4,75,9,2,2,0,6,15,10,2,80,3,16,75,6,12,5,5,78,23,9,63,16,11,27,4,8,1,59,3,3,92,8,4,1,61,18,0,0,1,85,0,1,53,8,3,0,17,1,15,2,32,2,9,8,5,11,55,0,17,0,1,17,3,18,44,30,2,27.75
6/12/2022,0,24,41,12,84,2,5,85,0,34,8,5,9,67,15,40,4,28,7,6,11,75,28,30,28,32,4,11,0,7,4,79,13,2,2,0,7,14,10,2,91,3,15,72,6,13,5,5,78,23,9,63,17,11,27,4,8,0,60,2,3,100,9,4,1,61,17,0,0,1,82,0,1,55,7,3,0,16,1,14,1,30,2,7,8,5,7,54,0,14,0,1,19,3,19,47,28,2,31.129999
6/19/2022,0,25,31,12,84,2,5,90,0,34,8,5,7,69,14,40,4,29,6,6,11,71,10,32,26,34,3,11,84,6,4,78,10,2,2,0,7,14,10,2,83,3,15,71,6,13,5,5,75,24,10,61,17,11,27,4,7,0,61,3,3,92,8,4,1,61,18,0,0,1,87,0,1,56,7,3,0,15,1,13,1,42,2,8,8,5,7,58,0,14,0,1,22,3,21,0,27,2,27.23
6/26/2022,0,24,30,11,75,2,5,88,0,35,8,5,7,71,14,38,4,29,6,5,11,64,9,29,27,41,3,12,0,4,4,78,10,2,2,0,7,14,10,2,87,3,15,79,6,12,5,5,78,24,10,61,17,11,28,3,8,0,58,3,3,90,8,5,0,60,18,0,0,1,85,0,1,58,7,2,0,16,1,12,1,33,2,7,7,5,6,54,0,15,0,1,17,3,18,0,25,2,26.700001
7/3/2022,0,25,29,12,89,2,5,91,0,35,8,5,6,76,16,43,4,29,6,4,12,70,9,31,26,37,3,11,74,4,4,83,8,2,2,0,7,15,10,2,92,2,16,80,6,11,5,5,74,25,11,63,18,12,28,3,7,0,59,3,3,97,11,4,0,64,17,0,0,1,82,0,1,55,8,3,0,15,1,12,1,33,2,7,7,5,6,58,0,14,0,1,18,3,20,47,26,2,24.639999
7/10/2022,0,24,38,11,85,2,5,88,0,34,8,6,6,68,14,38,4,30,6,5,12,68,12,30,25,34,3,10,0,4,4,79,10,2,2,0,7,14,10,2,87,2,16,79,6,11,5,5,74,25,10,58,17,11,28,3,7,0,58,3,3,90,8,4,0,63,17,0,0,1,81,0,1,60,7,3,0,16,1,11,1,30,2,6,7,5,5,55,0,15,0,2,16,3,20,0,26,2,24.23
7/17/2022,0,26,28,11,93,2,5,89,1,34,8,5,7,71,15,39,4,30,6,6,12,78,11,31,25,34,3,11,0,4,4,86,9,2,2,0,7,14,11,2,95,2,16,77,6,11,5,5,77,24,10,64,19,12,30,3,8,0,56,3,3,88,8,5,1,64,17,0,0,2,93,0,1,60,8,3,0,16,1,12,1,30,3,7,7,6,6,58,0,15,0,3,16,3,21,49,27,2,23.030001
7/24/2022,0,24,29,11,87,2,5,86,0,36,8,5,7,67,14,39,4,28,6,5,11,70,23,31,24,36,3,10,0,4,3,76,8,2,2,0,7,14,9,2,90,2,15,74,6,10,4,4,69,24,10,57,17,12,32,3,8,0,55,2,3,88,8,6,0,61,17,0,0,1,82,0,1,57,7,3,0,14,1,11,1,32,3,7,7,6,6,57,0,14,0,3,17,3,20,47,25,2,21.33
7/31/2022,0,24,27,11,87,2,5,85,0,33,8,5,7,66,16,41,4,29,6,6,12,69,8,29,25,37,3,9,0,4,4,83,9,2,2,0,6,15,9,2,97,2,16,77,6,10,5,5,64,22,10,56,18,11,27,3,7,0,54,3,3,87,10,6,0,63,17,0,0,1,83,0,1,57,7,3,0,16,1,11,1,32,2,6,7,6,6,57,0,15,0,3,20,3,21,53,25,2,21.15
8/7/2022,0,22,44,11,90,2,5,98,0,35,8,5,6,65,15,39,4,29,6,6,11,71,9,30,25,34,3,9,84,4,3,82,8,2,2,0,7,14,10,2,95,2,15,74,6,10,5,4,73,22,10,58,17,11,27,3,7,0,59,3,3,89,11,5,1,67,17,0,0,1,85,0,1,60,8,3,0,16,1,12,1,40,2,7,6,7,5,53,0,14,0,2,19,3,22,52,26,2,19.530001
8/14/2022,0,24,33,11,85,2,5,85,0,33,9,5,6,66,14,36,3,28,6,6,13,66,10,31,25,28,3,10,0,4,3,82,8,2,2,0,6,14,10,2,86,2,15,68,6,9,4,4,70,26,11,53,17,11,25,3,7,0,52,3,3,87,9,4,1,59,16,0,0,1,78,0,1,53,7,3,0,15,1,11,1,39,2,6,7,8,5,54,0,13,0,2,17,3,19,49,23,2,20.6
8/21/2022,0,46,28,13,83,2,5,84,0,35,8,5,6,65,15,36,4,27,7,6,12,71,12,32,30,31,3,10,0,4,3,100,9,2,2,0,6,15,11,2,87,2,15,71,6,11,4,5,68,23,10,52,17,11,26,3,8,0,59,3,3,92,9,4,0,57,17,0,0,2,83,0,1,55,7,3,0,14,1,11,2,29,2,7,7,11,6,57,0,14,0,1,16,3,19,47,24,2,25.559999
8/28/2022,0,29,27,12,86,2,5,80,0,34,7,5,7,64,16,36,4,29,7,5,11,66,10,31,31,34,3,9,0,4,3,91,9,2,2,0,7,14,11,2,83,2,14,71,6,12,4,5,71,21,10,49,16,11,25,3,7,0,53,3,3,90,7,4,0,56,17,0,0,1,72,0,1,55,7,3,0,15,1,11,2,30,2,7,7,17,6,53,0,14,0,1,17,3,19,0,24,2,25.469999
9/4/2022,0,24,27,13,81,2,5,85,0,35,8,4,5,73,17,40,4,28,7,5,11,64,9,34,33,33,3,9,0,4,3,94,8,2,2,0,6,14,12,2,81,2,16,71,6,12,4,5,70,22,10,51,16,11,25,4,7,0,53,4,3,88,9,4,0,59,18,0,0,2,77,0,1,54,7,3,0,15,1,12,2,38,2,7,8,37,7,55,0,14,0,1,20,3,20,0,26,2,22.790001
9/11/2022,0,26,38,16,86,2,5,82,0,36,8,5,7,63,17,45,4,28,8,6,13,71,11,37,37,32,3,10,0,5,4,90,11,2,3,0,7,14,13,2,81,2,15,69,6,12,4,4,73,24,9,49,16,11,27,4,8,1,56,3,3,91,8,5,0,59,18,0,0,2,77,0,1,58,7,3,0,14,1,12,2,31,2,7,10,6,7,56,0,13,0,1,21,4,19,46,24,3,26.299999
9/18/2022,0,27,33,17,85,3,6,86,1,40,9,5,7,63,18,41,4,29,8,6,13,75,28,36,39,30,3,10,0,5,4,96,11,2,3,0,7,16,14,2,82,3,16,73,6,12,4,4,75,28,10,49,16,12,30,4,8,1,56,3,4,90,8,4,1,58,18,0,0,2,78,0,1,61,7,3,0,15,1,12,2,31,2,7,11,5,8,55,0,14,0,1,17,4,21,0,26,3,29.92
9/25/2022,0,26,31,15,84,3,5,81,0,36,8,5,7,65,17,43,4,27,8,5,12,74,10,34,35,33,3,9,0,5,4,89,12,2,3,0,7,13,11,2,70,3,15,70,6,12,4,4,69,23,9,47,16,11,26,4,7,1,56,4,3,93,8,4,1,58,16,0,0,2,71,0,1,56,6,3,0,14,1,12,2,34,2,7,9,5,7,52,0,14,0,1,17,3,19,0,22,3,31.620001
10/2/2022,0,28,30,14,77,3,5,74,0,35,8,5,6,62,16,46,4,29,7,5,11,73,11,33,34,31,3,9,0,5,4,84,11,2,3,0,7,14,12,2,78,2,14,72,6,12,4,4,84,23,9,46,16,10,25,4,8,1,56,3,3,86,7,4,0,63,18,0,0,2,72,0,1,58,6,3,0,14,1,12,2,43,2,6,9,5,6,52,0,14,0,1,18,3,18,0,23,2,31.360001
10/9/2022,0,30,36,15,77,3,6,80,0,37,10,5,7,63,17,46,4,28,8,6,11,68,11,35,34,32,3,11,0,5,4,93,12,2,3,0,7,15,12,2,77,3,16,72,6,12,4,4,82,23,10,47,15,11,28,4,7,1,54,4,3,91,8,4,0,60,19,0,0,2,76,0,1,58,7,3,0,16,1,13,2,31,2,7,10,5,7,52,0,13,0,1,17,4,19,0,23,2,32.02
10/16/2022,0,32,32,15,72,2,5,73,0,34,8,5,6,59,15,42,3,26,7,5,10,67,9,31,33,30,3,9,0,4,4,86,10,2,2,0,6,14,11,2,72,2,15,66,6,11,4,4,83,22,9,43,15,11,25,3,7,1,55,4,3,77,8,4,0,56,16,0,0,1,68,0,1,56,6,3,0,14,1,17,1,32,2,6,9,5,7,48,0,13,0,2,14,3,18,46,22,2,29.690001
10/23/2022,0,29,29,14,83,3,5,75,0,36,8,5,6,62,16,44,3,26,7,6,10,64,10,34,31,26,3,9,0,5,4,93,9,2,2,0,7,14,13,2,80,2,16,67,6,12,4,4,77,23,9,48,15,11,26,4,7,1,55,4,3,86,8,4,0,55,17,0,0,1,69,0,1,54,6,3,0,14,1,27,2,51,2,6,9,5,7,51,0,14,0,3,17,3,18,0,23,3,25.75
10/30/2022,0,27,30,15,80,3,5,69,0,32,9,5,6,59,17,51,4,28,7,5,11,71,22,33,32,32,3,9,82,4,4,81,10,2,2,0,7,14,12,2,78,2,17,67,5,12,4,5,71,24,9,44,15,12,25,3,8,1,60,4,3,81,7,4,0,54,18,0,0,2,70,0,1,53,6,3,0,13,1,33,2,30,2,6,9,5,7,55,0,14,0,2,20,3,18,45,22,2,24.549999
11/6/2022,0,28,34,14,84,2,6,74,0,33,8,5,7,63,16,69,4,29,7,6,10,65,9,35,33,31,4,12,74,5,4,93,10,2,2,0,6,14,12,2,75,2,17,69,5,12,4,5,78,24,10,47,15,11,25,3,8,1,61,5,3,87,9,4,1,55,17,0,0,2,69,0,1,52,6,3,0,15,1,31,2,29,2,6,10,5,7,54,0,13,0,2,20,3,18,0,22,2,22.52
11/13/2022,0,29,31,16,80,3,6,76,1,37,9,5,6,66,17,74,4,27,8,6,11,71,9,37,35,30,4,11,0,4,4,86,9,2,2,0,7,14,12,2,74,2,17,73,6,12,4,5,79,26,10,46,16,11,25,3,8,1,57,4,3,89,12,4,1,58,19,0,0,2,70,0,1,55,7,3,0,15,1,26,2,31,2,6,10,5,8,57,0,13,0,2,18,4,19,0,24,3,23.120001
11/20/2022,0,23,22,12,73,2,5,71,0,33,9,4,5,57,15,57,3,26,6,4,11,60,9,29,31,28,4,10,0,3,3,73,7,2,2,0,7,12,12,2,71,2,13,60,5,10,3,4,71,30,10,42,13,10,25,3,7,1,53,3,3,78,8,4,0,56,14,0,0,1,66,0,1,55,6,3,0,14,1,87,1,34,2,5,9,4,6,65,0,12,0,1,20,3,19,43,24,2,20.5
11/27/2022,0,26,25,14,79,2,5,76,0,35,9,5,5,66,16,53,4,29,7,5,11,64,11,34,35,36,4,11,0,4,4,72,8,2,3,0,6,14,13,2,74,2,15,65,6,11,3,4,67,27,9,45,14,11,25,3,7,1,54,3,3,82,8,4,0,54,17,0,0,2,74,0,1,55,6,3,0,15,1,100,2,28,2,6,9,5,7,58,0,13,0,1,22,3,19,45,23,2,19.059999
12/4/2022,0,27,26,14,77,2,5,68,0,34,8,5,5,63,17,51,4,29,7,5,10,69,12,33,32,30,3,11,0,3,4,69,8,2,3,0,6,14,13,2,70,2,15,67,6,12,4,4,71,30,9,45,14,11,25,3,8,1,52,3,3,83,7,4,0,54,16,0,0,1,65,0,1,55,6,3,0,14,1,73,2,28,2,6,10,5,7,52,0,14,0,1,23,3,18,0,25,2,22.83
12/11/2022,0,25,28,14,78,2,5,76,0,38,9,5,6,61,16,49,4,28,7,5,12,65,19,31,32,31,3,11,0,4,4,74,9,2,3,0,6,15,12,2,75,2,15,68,5,17,3,5,64,32,9,44,15,11,25,3,7,1,56,3,3,81,7,4,0,59,16,0,0,2,73,0,1,54,7,3,0,15,1,47,2,31,2,6,10,5,7,53,0,14,0,1,22,3,19,0,25,2,22.620001
12/18/2022,0,21,21,12,81,2,4,74,0,35,10,5,6,63,14,48,4,27,6,5,11,60,9,30,27,32,3,9,0,4,3,74,9,2,3,0,7,14,12,1,80,2,13,67,5,14,3,4,65,32,10,48,13,9,26,3,7,0,53,2,2,86,7,4,0,63,15,0,0,1,76,0,1,62,6,3,0,15,1,35,1,36,2,5,9,4,6,63,0,13,0,1,33,3,19,51,26,2,20.870001
12/25/2022,0,19,17,10,80,2,4,87,0,39,10,5,5,65,12,47,4,28,5,5,10,58,7,27,24,31,3,10,0,4,3,74,8,2,3,0,8,15,11,2,93,2,15,62,5,13,3,4,66,30,10,50,13,10,29,3,6,0,53,2,3,87,8,5,0,70,14,0,0,1,76,0,1,61,7,2,0,15,1,14,1,74,2,5,6,3,4,61,0,14,0,1,28,3,20,49,30,1,21.67
1/1/2023,0,24,21,12,82,2,4,77,0,34,9,6,5,71,14,47,4,26,6,5,12,66,9,32,25,33,3,10,0,4,4,85,7,2,3,0,7,13,10,2,82,2,18,74,5,13,3,4,66,26,11,48,16,11,27,3,7,0,55,2,3,81,9,5,0,59,16,0,0,1,73,0,1,59,7,3,0,15,1,12,1,55,2,6,7,4,5,53,0,14,0,1,22,3,19,0,29,1,21.129999
1/8/2023,0,29,27,14,85,2,5,79,0,37,9,6,6,65,16,47,4,27,7,6,12,66,10,36,30,32,3,10,0,4,4,77,9,2,3,0,7,15,11,2,78,3,18,75,6,14,4,4,74,36,10,43,17,13,30,3,8,1,61,3,3,86,8,4,0,61,19,0,0,2,76,0,1,55,7,3,0,14,1,13,2,34,2,7,8,5,6,51,0,15,0,1,17,4,20,48,31,2,18.35
1/15/2023,0,39,26,14,90,2,5,81,0,37,10,6,6,67,18,46,4,28,8,6,11,71,10,36,31,30,3,11,0,4,5,82,8,2,3,0,7,16,12,2,83,2,17,69,6,14,4,4,78,27,12,50,18,12,29,4,8,1,57,3,3,89,16,4,1,63,18,0,0,1,78,0,1,59,7,3,0,15,1,13,2,32,2,7,9,5,7,58,0,14,0,2,17,4,21,0,27,2,19.85
1/22/2023,0,32,24,14,84,2,5,80,0,35,8,6,6,63,18,47,4,27,7,6,11,63,9,34,31,27,3,11,88,4,4,77,7,2,3,0,7,14,11,2,81,2,17,72,6,13,4,4,68,24,10,46,16,12,28,3,8,1,55,3,3,85,9,4,0,61,17,0,0,2,69,0,1,54,7,3,0,14,1,12,2,32,2,7,8,5,7,51,0,14,0,2,14,4,20,0,26,2,18.51
1/29/2023,0,34,26,16,87,3,6,83,0,35,8,6,7,75,17,52,4,31,8,7,13,80,21,44,33,34,3,12,0,4,5,80,8,2,3,0,7,16,13,2,76,2,18,74,7,12,4,4,88,27,12,51,18,13,32,3,9,1,64,3,4,88,8,4,1,63,19,0,0,2,83,0,1,66,13,3,0,15,1,13,2,31,3,7,9,5,7,56,0,14,0,3,14,4,20,45,29,2,18.33
2/5/2023,0,34,28,16,90,2,6,80,0,38,8,6,6,73,18,49,5,29,8,7,13,75,10,39,31,32,3,14,0,4,5,77,7,3,3,0,7,17,12,2,83,2,17,75,6,13,4,5,79,27,11,54,17,13,32,3,8,1,62,3,3,89,9,4,1,59,19,0,0,2,75,0,1,61,7,3,0,14,1,13,2,36,3,7,9,5,8,55,0,14,0,2,13,4,21,46,27,2,20.530001
2/12/2023,0,27,27,15,86,2,6,82,0,36,8,6,6,67,16,45,4,29,7,5,12,67,9,36,35,30,3,12,79,4,4,77,8,2,3,0,7,17,12,2,90,2,17,70,7,12,4,5,74,23,10,47,17,12,29,3,9,1,55,3,3,84,9,4,0,58,18,0,0,1,78,0,1,59,7,3,0,14,1,13,1,46,3,7,9,5,7,52,0,14,0,2,15,4,19,0,27,3,20.02
2/19/2023,0,27,26,15,91,2,6,80,1,35,9,5,5,68,19,47,4,30,8,5,12,69,11,38,35,30,3,12,0,4,5,77,8,2,3,0,7,16,12,2,85,2,18,77,7,14,4,5,77,26,11,60,17,12,31,4,8,1,61,3,3,89,9,4,1,63,18,0,0,2,80,0,1,59,7,3,0,15,1,14,2,31,3,7,9,5,8,54,0,15,0,2,17,4,23,48,26,2,21.67
2/26/2023,0,32,24,16,83,3,6,85,0,37,9,5,5,70,18,41,4,28,7,5,12,67,10,38,35,36,3,11,0,3,4,79,7,2,3,0,7,16,12,2,76,2,18,76,6,13,4,4,78,26,10,51,18,13,29,3,8,1,57,3,3,82,10,4,1,58,19,0,0,2,74,0,1,60,7,4,0,15,1,12,2,28,3,7,9,5,8,55,0,15,0,2,14,4,22,49,25,2,18.49
3/5/2023,0,30,23,13,75,2,6,78,0,36,9,6,5,61,18,42,4,27,7,5,11,64,11,35,34,30,3,10,0,4,4,71,8,2,3,0,7,14,11,2,76,2,17,68,6,13,4,4,74,23,10,53,15,13,28,3,8,1,51,3,3,89,10,4,1,55,16,0,0,1,73,0,1,56,7,3,0,14,1,12,2,43,3,7,8,5,7,50,0,14,0,1,15,3,19,0,24,2,24.799999
3/12/2023,0,27,24,13,78,2,6,80,0,34,8,5,6,62,16,41,4,28,7,6,11,70,13,35,32,29,3,9,0,4,4,72,10,2,2,0,7,14,11,2,67,2,17,76,6,14,4,4,71,24,10,52,15,12,28,3,8,1,52,3,3,80,8,4,1,58,17,0,0,1,74,0,1,56,7,3,0,14,1,11,2,26,2,7,8,5,7,49,0,14,0,1,13,3,19,43,23,2,25.51
3/19/2023,0,27,24,14,91,3,6,82,0,33,9,5,6,64,18,43,4,27,7,5,12,66,23,38,31,29,3,9,0,4,4,73,9,2,3,0,7,15,12,2,76,2,16,75,6,14,4,4,77,24,10,56,17,12,29,3,7,1,56,3,3,85,8,4,1,57,18,0,0,1,79,0,1,62,7,3,0,14,1,12,2,30,2,7,8,5,7,48,0,14,0,1,14,3,19,43,24,2,21.74
3/26/2023,0,29,24,13,84,2,6,80,0,33,9,5,5,69,17,40,5,28,7,5,11,67,9,35,30,35,3,9,0,4,4,75,8,2,2,0,7,15,13,2,77,2,16,73,6,13,4,4,74,23,10,55,16,12,29,3,8,1,55,3,3,87,9,4,1,57,18,0,0,2,77,0,1,60,7,3,0,14,1,11,2,27,3,6,8,5,7,47,0,14,0,1,15,4,20,0,22,2,18.700001
4/2/2023,0,25,20,12,85,2,5,86,0,33,9,5,5,63,14,44,4,30,6,4,12,66,9,34,27,35,3,9,0,4,4,77,7,2,2,0,7,14,13,2,83,2,16,75,6,11,5,4,74,24,10,63,16,11,28,3,7,0,58,3,3,88,8,4,0,67,17,0,0,1,75,0,1,61,7,3,0,14,1,10,1,34,2,6,7,5,6,52,0,14,0,1,25,3,21,0,23,2,18.4
4/9/2023,0,26,25,12,82,2,5,80,0,34,8,5,5,62,15,40,4,27,7,4,12,64,10,33,28,33,3,9,0,3,4,76,7,2,2,0,6,14,12,2,81,2,16,72,5,11,5,4,68,22,9,65,16,12,31,3,7,0,55,2,3,85,8,4,1,61,17,0,0,1,75,0,1,59,7,3,0,14,1,11,1,36,2,6,8,5,6,49,0,14,0,2,20,3,18,42,21,2,17.07
4/16/2023,0,28,24,12,85,2,6,81,0,35,9,6,5,66,17,44,4,28,7,5,11,66,9,36,27,30,3,11,0,3,5,81,7,2,2,0,7,15,12,2,80,3,17,71,6,12,5,4,75,26,10,64,16,12,33,3,7,1,56,3,3,92,8,4,0,60,17,0,0,1,80,0,1,62,8,3,0,14,1,11,2,31,2,7,8,5,7,54,0,14,0,2,18,3,18,45,23,2,16.77
4/23/2023,0,31,24,14,85,2,6,88,0,36,9,5,6,68,17,47,4,27,8,5,12,68,10,35,33,32,3,13,0,3,4,78,7,2,2,0,7,15,12,2,92,3,18,74,6,15,5,4,79,25,11,64,17,12,29,3,8,0,59,3,3,91,8,4,0,63,18,0,0,2,81,0,1,62,7,3,0,15,1,12,2,28,2,7,8,6,7,53,0,15,0,3,19,4,19,0,23,3,15.78
4/30/2023,0,35,23,13,85,2,6,84,0,36,9,5,5,68,17,46,4,27,7,5,13,69,18,38,31,29,3,12,80,4,4,76,8,2,2,0,7,15,12,2,88,2,16,83,6,13,4,4,82,27,10,66,17,13,29,4,8,1,59,3,3,95,8,4,0,61,19,0,0,2,82,0,1,58,7,3,0,14,1,11,2,32,2,7,8,7,7,53,0,16,0,2,22,4,19,0,23,3,17.190001
5/7/2023,0,38,25,13,80,2,5,83,0,34,8,5,5,63,16,40,4,27,7,5,13,67,9,35,30,27,3,12,75,3,4,70,7,2,2,0,7,15,11,2,77,2,16,72,6,13,5,4,76,22,10,65,16,11,25,3,7,1,55,3,3,88,8,4,0,58,17,0,0,1,73,0,1,59,8,3,0,15,1,11,2,33,2,7,8,5,7,51,0,14,0,2,15,3,18,42,22,2,17.030001
5/14/2023,0,46,20,12,80,2,5,84,0,33,9,5,4,62,15,40,4,25,7,5,12,64,8,33,26,26,3,10,0,3,4,72,6,2,2,0,6,15,11,2,77,2,15,66,6,12,5,4,74,24,10,69,16,11,23,3,7,0,53,3,3,86,8,4,0,55,17,0,0,1,85,0,1,53,7,3,0,14,1,11,1,39,2,8,8,4,7,48,0,15,0,1,14,3,18,45,20,2,16.809999
5/21/2023,0,67,22,12,89,2,5,87,0,35,9,5,5,68,16,41,4,27,7,5,12,65,8,34,29,28,3,10,71,3,4,74,7,2,2,0,7,15,11,2,81,2,17,67,7,12,5,4,80,25,10,68,16,12,25,3,8,0,56,3,3,95,8,4,0,58,18,0,0,1,87,0,1,57,8,3,0,14,1,11,1,29,3,11,8,5,7,49,0,14,0,1,17,3,19,0,21,2,17.950001
5/28/2023,0,71,19,10,84,2,5,92,0,33,8,5,5,62,15,38,4,28,6,5,14,65,8,35,27,31,3,10,0,3,4,79,6,2,2,0,6,14,11,2,79,2,17,68,5,11,5,4,72,25,10,74,16,12,24,3,7,0,56,2,3,89,9,4,0,64,16,0,0,1,85,0,1,57,7,2,0,14,1,12,1,29,2,7,7,5,9,48,0,16,0,1,18,3,17,0,22,2,14.6
6/4/2023,0,31,19,11,86,2,5,85,0,35,9,5,5,66,14,36,4,26,6,6,13,67,9,34,27,27,3,10,0,3,4,72,6,2,2,0,6,16,11,2,89,2,16,74,5,11,5,5,77,23,10,62,16,11,24,3,7,0,57,2,3,88,9,4,0,59,17,0,0,1,90,0,1,55,7,3,0,14,1,12,1,28,2,7,8,5,12,50,0,16,0,1,16,3,18,56,21,2,13.83
6/11/2023,0,27,21,11,90,2,5,88,0,33,9,5,6,63,14,33,4,27,5,5,14,67,15,34,27,35,3,10,0,3,3,78,7,2,2,0,7,15,10,2,85,2,16,72,6,10,5,5,78,25,10,62,16,12,26,3,7,0,57,2,3,88,11,4,0,66,16,0,0,1,90,0,1,56,7,3,0,14,1,11,1,31,2,7,7,5,7,53,0,16,0,1,18,3,19,48,22,2,13.54
6/18/2023,0,27,20,12,88,2,5,95,0,34,8,5,5,65,15,37,4,28,6,5,13,66,9,31,26,29,3,10,0,4,4,77,6,2,2,0,7,15,11,2,83,2,17,69,6,10,5,6,77,27,11,61,17,12,27,3,7,0,60,2,3,86,9,4,0,64,18,0,0,1,90,0,1,57,7,3,0,14,1,12,1,38,2,7,7,4,6,54,0,16,0,1,20,3,18,47,21,2,13.44
6/25/2023,0,30,19,10,81,2,4,86,0,32,8,5,4,69,13,35,4,28,5,5,12,61,8,30,23,32,3,10,75,3,4,76,6,2,2,0,7,14,10,2,87,2,15,68,5,9,4,5,70,27,10,52,16,11,28,3,7,0,56,2,3,91,9,4,0,63,16,0,0,1,89,0,1,58,7,3,0,14,1,12,1,32,2,6,6,5,5,52,0,15,0,1,18,3,19,50,22,1,13.59
7/2/2023,0,26,18,11,92,2,5,90,0,32,9,5,5,70,14,36,4,26,5,5,14,69,9,35,26,31,3,10,0,3,4,83,5,2,2,0,7,15,10,2,86,2,16,71,6,9,5,5,71,28,11,57,15,11,28,3,7,0,60,3,3,94,9,3,0,64,15,0,0,1,85,0,1,65,6,3,0,15,2,12,1,31,2,6,6,5,6,55,0,15,0,1,18,3,20,49,23,1,14.83
7/9/2023,0,29,25,13,93,2,5,99,0,35,9,6,6,72,14,38,5,31,6,6,17,77,10,34,25,33,3,11,0,3,4,85,7,2,2,0,7,16,10,2,91,2,17,76,7,9,5,5,82,25,11,60,18,13,29,3,8,0,59,2,3,92,9,4,0,74,18,0,0,2,91,0,1,66,7,3,0,16,3,11,1,30,3,7,7,5,6,59,0,15,0,2,17,4,21,0,25,1,13.34
7/16/2023,0,28,22,11,84,2,5,93,0,32,9,5,6,67,13,38,4,30,5,6,14,72,9,35,24,29,3,10,0,3,4,78,7,2,2,0,7,14,10,2,91,2,16,74,6,9,5,5,76,23,11,58,16,12,28,3,9,0,58,2,3,92,9,4,0,72,16,0,0,1,88,0,1,58,7,3,0,14,3,16,1,24,2,7,6,5,5,52,0,15,0,2,17,3,19,47,25,1,13.6
7/23/2023,0,27,20,12,92,2,5,92,0,34,9,5,6,69,14,39,4,29,6,6,15,74,17,33,24,33,3,10,0,3,4,78,7,2,2,0,7,15,10,2,98,2,18,69,6,10,4,4,70,25,10,55,17,12,28,3,8,0,59,2,3,92,9,4,0,78,17,0,0,1,86,0,1,58,7,3,0,15,2,16,1,29,3,6,6,6,6,56,0,14,0,3,18,3,21,43,24,1,13.33
7/30/2023,0,27,18,12,88,2,5,94,0,31,8,5,6,67,14,35,4,29,6,6,14,73,8,32,23,38,3,10,0,3,4,79,7,2,2,0,7,14,10,2,94,2,16,72,6,9,5,5,71,23,11,53,18,12,31,3,8,0,56,2,3,92,9,4,0,66,18,0,0,1,84,0,1,55,7,2,0,14,2,19,1,29,2,6,7,5,5,52,0,15,0,3,17,3,19,45,24,1,17.1
8/6/2023,0,26,20,12,91,2,5,87,0,32,8,5,5,65,14,35,4,27,6,6,14,71,9,32,25,31,3,10,0,3,4,79,7,2,2,0,7,14,10,2,91,2,17,69,6,9,4,5,68,24,10,58,17,11,26,3,8,0,59,2,3,91,8,4,0,68,16,0,0,1,80,0,1,54,7,3,0,14,1,18,1,34,2,6,7,6,5,55,0,15,0,2,17,3,20,45,23,1,14.84
8/13/2023,0,26,22,12,88,2,5,84,0,31,9,5,5,65,14,35,4,27,6,5,14,68,9,33,25,27,3,10,0,4,4,81,6,2,2,0,7,15,11,2,91,2,15,67,6,9,4,4,72,31,10,53,17,11,25,3,7,0,56,2,3,91,9,4,0,69,16,0,0,1,75,0,1,52,7,2,0,13,1,16,1,33,2,6,7,7,5,54,0,14,0,1,17,3,19,0,22,2,17.299999
8/20/2023,0,26,18,12,82,2,5,86,0,32,8,5,6,67,14,33,4,26,7,5,15,70,9,32,26,27,3,9,82,3,3,74,6,2,2,0,6,15,11,2,87,2,15,65,6,8,4,4,68,31,11,51,17,12,23,3,7,0,56,3,3,90,10,3,0,64,17,0,0,2,76,0,1,55,7,3,0,13,1,17,1,26,2,6,7,9,5,54,0,13,0,2,16,3,17,0,23,2,15.68
8/27/2023,0,26,21,12,88,2,5,84,0,32,9,5,5,66,15,37,4,27,7,6,15,72,9,36,29,29,3,9,0,4,4,70,6,2,2,0,7,15,12,2,83,2,15,71,6,10,4,4,68,28,11,46,17,12,25,3,8,0,57,3,3,91,9,4,0,64,18,0,0,1,78,0,1,53,7,3,0,15,1,12,2,33,2,7,8,18,6,54,0,13,0,1,19,3,19,0,23,2,13.09
9/3/2023,0,27,21,16,94,2,6,90,0,35,9,5,5,66,16,37,5,34,7,6,15,73,8,38,32,32,3,10,0,3,4,87,5,3,2,0,7,17,13,2,80,3,16,72,6,12,4,4,75,27,12,56,16,11,26,3,8,0,60,3,3,87,9,4,0,68,18,0,0,2,83,0,1,55,7,3,0,15,1,15,2,35,2,7,7,33,7,56,0,15,0,1,18,3,19,45,23,2,13.84
9/10/2023,0,27,23,15,93,2,5,84,0,32,8,5,5,64,17,37,4,29,7,6,14,73,8,38,33,29,3,9,0,3,4,72,6,2,2,0,7,15,12,2,74,2,15,68,6,11,4,4,69,26,10,52,16,12,26,3,8,1,57,3,3,85,8,4,0,59,18,0,0,2,71,0,1,56,6,3,0,14,1,14,2,27,2,7,8,5,7,52,0,13,0,1,15,3,20,39,21,2,13.79
9/17/2023,0,29,25,15,93,2,6,82,0,33,9,5,5,68,17,38,4,31,7,5,14,68,16,37,38,27,3,10,0,4,4,78,7,2,3,0,8,14,14,2,80,3,17,70,6,11,4,4,84,24,10,53,16,12,27,4,8,1,60,3,3,85,9,4,0,58,18,0,0,2,74,0,1,58,7,3,0,13,1,14,2,29,2,7,9,5,7,56,0,14,0,1,15,3,23,0,23,3,17.200001
9/24/2023,0,30,21,16,88,2,6,89,0,36,10,5,5,69,16,40,4,31,8,5,14,67,9,39,34,32,3,9,0,4,4,76,6,2,3,0,7,15,12,2,77,3,16,69,6,11,4,4,80,26,11,52,16,13,28,4,9,1,60,3,3,92,9,4,1,64,19,0,0,2,78,0,1,60,7,3,0,14,1,16,2,29,2,7,9,5,7,55,0,15,0,1,22,4,25,0,23,2,17.52
10/1/2023,0,33,21,16,87,3,6,83,0,36,10,5,5,65,16,41,4,28,7,5,14,68,8,38,32,32,4,9,0,4,4,78,7,2,2,0,7,15,13,2,84,3,15,72,6,11,4,4,84,24,10,51,17,12,27,3,8,1,58,3,3,89,9,4,1,65,19,0,0,2,76,0,1,72,7,3,0,15,1,26,2,30,2,7,9,5,7,53,0,14,0,1,18,3,21,50,22,3,17.450001
10/8/2023,0,27,21,15,80,2,6,83,0,34,9,5,5,64,15,75,4,27,7,6,15,68,8,36,34,29,3,9,0,4,4,81,7,2,2,0,7,15,19,2,77,3,16,67,6,11,4,5,71,25,10,48,15,11,28,3,8,1,60,3,3,87,7,4,0,63,19,0,0,2,67,0,1,68,7,3,0,13,1,36,2,26,2,6,9,5,7,52,0,13,0,1,16,3,21,42,23,8,19.32
10/15/2023,0,29,22,15,84,2,6,88,0,35,10,5,5,67,16,56,4,29,7,5,13,65,9,35,34,29,3,10,0,3,4,88,7,2,2,0,7,15,17,2,76,3,16,69,6,11,4,5,89,24,10,50,16,11,28,3,8,1,59,3,3,86,8,4,1,61,19,0,0,2,72,0,1,62,7,3,0,14,1,39,1,28,2,7,9,5,7,50,0,14,0,2,15,3,21,0,22,5,21.709999
10/22/2023,0,30,21,15,87,2,6,87,0,35,9,5,5,64,16,50,4,27,7,5,12,65,8,37,34,27,4,10,69,4,4,83,7,2,3,0,7,15,15,2,80,2,17,64,6,11,4,4,80,24,10,48,15,12,29,3,8,1,62,3,3,89,8,4,1,64,18,0,0,2,71,0,1,60,7,3,0,13,1,47,1,31,2,6,8,5,7,56,0,14,0,2,18,4,20,44,22,3,21.27
10/29/2023,0,30,20,14,83,3,6,81,0,34,9,5,6,67,16,50,4,27,7,5,12,69,13,36,29,31,4,11,0,3,4,79,8,2,2,0,7,15,16,2,84,2,16,70,6,11,4,5,72,23,10,47,16,12,28,3,8,1,59,3,3,82,7,4,1,67,19,0,0,2,73,0,1,60,7,3,0,14,1,48,1,28,2,6,8,5,6,51,0,15,0,2,20,3,20,0,24,3,14.91
11/5/2023,0,27,21,14,83,2,7,82,0,35,9,5,5,62,15,47,4,28,7,5,12,69,9,37,31,30,4,10,0,4,4,76,6,2,2,0,6,15,13,2,78,2,17,71,6,11,5,5,68,24,10,48,14,12,26,3,7,1,59,3,3,85,7,4,1,62,18,0,0,2,71,0,1,62,7,3,0,14,1,41,1,33,2,6,9,5,6,55,0,13,0,2,20,3,20,0,21,3,14.17
11/12/2023,0,27,24,14,81,2,7,80,0,35,9,5,5,59,15,45,4,25,7,6,13,66,8,33,31,25,4,12,0,4,4,70,7,2,2,0,7,15,13,2,77,2,15,65,6,11,4,4,72,26,11,46,15,11,24,3,8,0,54,3,3,77,8,4,1,58,17,0,0,2,72,0,1,53,7,3,0,14,1,35,1,42,2,6,9,5,6,56,0,14,0,2,21,3,19,43,22,3,13.8
11/19/2023,0,23,19,13,81,2,5,79,0,35,9,4,5,58,15,41,4,26,6,5,13,61,8,34,30,24,4,14,70,3,3,68,6,2,3,0,7,16,12,2,78,2,15,65,6,10,3,4,66,27,11,48,14,10,28,3,7,0,61,3,3,85,8,4,1,68,15,0,0,1,69,0,1,55,7,3,0,14,1,30,1,32,2,6,9,4,6,63,0,13,0,1,23,3,22,46,25,2,12.46
11/26/2023,0,31,22,15,83,2,6,88,0,36,9,6,5,69,16,43,4,32,7,6,13,71,10,39,34,28,4,15,78,4,4,76,6,2,3,48,7,16,13,2,77,2,17,69,6,11,3,4,76,26,11,48,16,12,32,3,8,1,61,3,3,81,8,5,1,64,19,0,0,2,80,0,1,61,7,3,0,14,1,12,1,28,2,6,9,5,7,61,0,14,0,1,24,3,20,45,25,3,12.63
